<!DOCTYPE html>
<!-- saved from url=(0035)https://www.moevenpick-wein.com/de/ -->
<html lang="de" data-useragent="Mozilla/5.0 (X11; Linux x86_64) AppleWebKit/537.36 (KHTML, like Gecko) Chrome/80.0.3987.149 Safari/537.36" class=""><head><meta http-equiv="Content-Type" content="text/html; charset=UTF-8">
        <script async="" src="./index_files/conf"></script><script type="text/javascript" async="" src="./index_files/ec.js"></script><script src="./index_files/bat.js" async=""></script><script type="text/javascript" async="" src="./index_files/f.txt"></script><script type="text/javascript" async="" src="./index_files/analytics.js"></script><script type="text/javascript" async="" src="./index_files/klevu-webstore.js"></script><script async="" src="./index_files/lila.js"></script><script async="" src="./index_files/gtm.js"></script><script src="./index_files/1800225976865900" async=""></script><script async="" src="./index_files/fbevents.js"></script><script>
    var require = {
        "baseUrl": "https://www.moevenpick-wein.com/de/static/version1585658310/frontend/Moevenpick/default/de_CH"
    };
</script>

<meta name="description" content="Unser Wein-Sortiment umfasst nahezu alle Facetten der Weinwelt: Rotweine, Weissweine, Roséweine, Süssweine, Schaumweine und vieles mehr. Bei Mövenpick Wein finden Sie Weine für jeden Tag und jeden erdenklichen Anlass.">
<meta name="keywords" content="Wein,Weingeschäft,Weinhandlung,Weinfachgeschäft,Online,Weinshop,Shop,kaufen,Weine,Weinkeller,exklusiver Wein,Mövenpick">
<meta name="robots" content="INDEX,FOLLOW">
<meta name="title" content="Entdecken Sie bei Mövenpick Wein über 1&#39;200 Weine aus aller Welt">
<meta name="viewport" content="width=device-width, initial-scale=1, maximum-scale=1.0, user-scalable=no">
<title>Entdecken Sie bei Mövenpick Wein über 1'200 Weine aus aller Welt</title>
<link rel="stylesheet" type="text/css" media="all" href="./index_files/b392cc235d99fb3e7ee1437bbf184d0e.min.css">
<link rel="stylesheet" type="text/css" media="all" href="./index_files/main.min.css">
<link rel="stylesheet" type="text/css" media="print" href="./index_files/print.min.css">
<link rel="icon" type="image/x-icon" href="https://www.moevenpick-wein.com/de/static/version1585658310/frontend/Moevenpick/default/de_CH/Magento_Theme/favicon.ico">
<link rel="shortcut icon" type="image/x-icon" href="https://www.moevenpick-wein.com/de/static/version1585658310/frontend/Moevenpick/default/de_CH/Magento_Theme/favicon.ico">
<script type="text/javascript" src="./index_files/d919de8e933aab0d446c3359f891382c.min.js"></script>
<meta name="p:domain_verify" content="c75523b730da3fe4d6fc7c68d43bc4e7">
<script type="text/javascript" src="./index_files/2501.js" async="async"></script>
<meta name="google-site-verification" content="I_pZyUea3MOknYnKF-GlI8Qr8m2lp0D3Zq35vvXEPgM">
        <link rel="alternate" hreflang="de-de" href="https://www.moevenpick-wein.de/">
<link rel="alternate" hreflang="fr-ch" href="https://www.moevenpick-wein.com/fr/">


<!-- Load unblu -->
<script src="https://unblu.cloud/unblu/js-api/v2/visitor/visitor-api.min.js"></script>
<script>
openVisitorUI = () => {

  if (unblu.api.isConfigurationNeeded()) {
    unblu.api.configure({serverUrl: "https://unblu.cloud", apiKey: "E0R3qCkWRFmcepcme2ct-Q"}).initialize().then(api => {
      // use the api
      console.log("API initialized successfully!");

      api.ui.openIndividualUi().then(() => {

      }).catch();


    }).catch(e => {
      if(e.type === 'INITIALIZATION_TIMEOUT') {
        //retry
      } else if(e.type === 'UNSUPPORTED_BROWSER') {
        // display unsupported browser dialog
      } else {
        // show generic error message
      }
    });
  } else if (unblu.api.isInitialized()) {
    var api = unblu.api.initializedApi;
    api.ui.openIndividualUi().then(() => {

    }).catch();
  } else {
    unblu.api.initialize().then(api => {
      // use the api
      console.log("API initialized successfully!");

      api.ui.openIndividualUi().then(() => {

      }).catch();
    }).catch(e => {
      if(e.type === 'INITIALIZATION_TIMEOUT') {
        //retry
      } else if(e.type === 'UNSUPPORTED_BROWSER') {
        // display unsupported browser dialog
      } else {
        // show generic error message
      }
    });
  }
}

var el; // activation element
el = document.getElementById('activate_live_support');
if(el) {
    el.addEventListener('click', openVisitorUI, false);
}
</script>

<script type="application/ld+json">
{
  "@context" : "http://schema.org/",
  "@type" : "Organization",
  "name" : "Mövenpick Wein",
  "department" : "Division Wein",
  "url" : "https://www.moevenpick-wein.com/de/",
  "logo" : "https://www.moevenpick-wein.com/de/static/version1585658310/frontend/Moevenpick/default/de_CH/images/logo_de.svg",
  "sameAs" : "https://www.facebook.com/MoevenpickWein",
  "contactPoint" :
  [
    {
      "@type" : "ContactPoint",
      "telephone" : "+41 800 003 007",
      "email" : "service@moevenpick-wein.ch",
      "availableLanguage" : "de",
      "contactType" : "customer service"
    }
  ]}
</script>
<style>
	.ec-gtm-cookie-directive > div { background: #ffffff; color: #000000  }
	.ec-gtm-cookie-directive > div > div > div a.action.accept { color: #8bc53f }
</style><script>


	window.dataLayer = window.dataLayer || [];


	AEC.Const =
	{
		TIMING_CATEGORY_ADD_TO_CART:		'Add To Cart Time',
		TIMING_CATEGORY_REMOVE_FROM_CART:	'Remove From Cart Time',
		TIMING_CATEGORY_PRODUCT_CLICK:		'Product Detail Click Time',
		TIMING_CATEGORY_CHECKOUT:			'Checkout Time',
		TIMING_CATEGORY_CHECKOUT_STEP:		'Checkout Step Time'
	};

	AEC.Const.URL 					= 'https://www.moevenpick-wein.com/de/';
	AEC.Const.VARIANT_DELIMITER 	= '-';
	AEC.Const.VARIANT_DELIMITER_ATT = ':';


	AEC.Const.CHECKOUT_STEP_SHIPPING 	= 1;
	AEC.Const.CHECKOUT_STEP_PAYMENT  	= 2;
	AEC.Const.CHECKOUT_STEP_ORDER  		= 3;


	AEC.Const.DIMENSION_SEARCH = 18;


	AEC.Message =
	{
		confirm: 			 true,
		confirmRemoveTitle: 'Sind Sie sicher?',
		confirmRemove: 		'Sind Sie sicher, dass Sie diesen Artikel aus dem Warenkorb entfernen möchten?'
	};

	AEC.storeName 			= 'DE';
	AEC.currencyCode	 	= 'CHF';
	AEC.useDefaultValues 	=  false;
	AEC.facebook 			=  true;
	AEC.eventCallback		=  true;


	AEC.SUPER = [];


	AEC.localStorage = true;

</script>

<!-- Facebook Pixel Code -->
<script>
!function(f,b,e,v,n,t,s){if(f.fbq)return;n=f.fbq=function(){n.callMethod?
n.callMethod.apply(n,arguments):n.queue.push(arguments)};if(!f._fbq)f._fbq=n;
n.push=n;n.loaded=!0;n.version='2.0';n.queue=[];t=b.createElement(e);t.async=!0;
t.src=v;s=b.getElementsByTagName(e)[0];s.parentNode.insertBefore(t,s)}(window,
document,'script','https://connect.facebook.net/en_US/fbevents.js');
fbq('init', '1800225976865900'); // Insert your pixel ID here.
fbq('track', 'PageView');
</script>
<noscript><img height="1" width="1" style="display:none"
src="https://www.facebook.com/tr?id=1800225976865900&ev=PageView&noscript=1"
/></noscript>
<!-- DO NOT MODIFY -->
<!-- End Facebook Pixel Code -->

<script>
    if (typeof AEC != 'undefined' && typeof AEC.Const != 'undefined') {
        AEC.Const.CHECKOUT_STEP_CART 	    = 1;
        AEC.Const.CHECKOUT_STEP_LOGIN   	= 2;
        AEC.Const.CHECKOUT_STEP_SHIPPING  	= 3;
        AEC.Const.CHECKOUT_STEP_PAYMENT  	= 4;
        AEC.Const.CHECKOUT_STEP_ORDER  		= 5;
    }
</script>
<script>

	/**
 	 * Define dataLayer[] object
	 */
	window.dataLayer = window.dataLayer || [];

	/**
	 * Define transport layer to use as fallback in case of Ad-Blockers
	 *
	 * @copyright Anowave
	 */
	var dataLayerTransport = (function()
	{
		var data = [];

		return {
			data:[],
			push: function(data)
			{
				this.data.push(data);

				return this;
			},
			serialize: function()
			{
				return this.data;
			}
		}
	})();

</script><script>

	var EC = [], Purchase = [];

	/* Dynamic remarketing */
	window.google_tag_params = window.google_tag_params || {};

	/* Default pagetype */
	window.google_tag_params.ecomm_pagetype = 'home';

	/* Grouped products collection */
	window.G = [];

	/**
	 * Global revenue
	 */
	window.revenue = 0;

	/**
	 * DoubleClick
	 */
	window.DoubleClick =
	{
		DoubleClickRevenue:	 	0,
		DoubleClickTransaction: 0,
		DoubleClickQuantity: 	0
	};

	var visitor = {
    "visitorLoginState": "Logged out",
    "visitorLifetimeValue": 0,
    "visitorExistingCustomer": "Nein",
    "visitorType": "NOT LOGGED IN",
    "currentStore": "DE",
    "currentStoreCode": "ch_de",
    "pageType": "home",
    "currentStoreLocale": "de_CH",
    "currentStoreLang": "de",
    "currentStoreCountry": "CH"
};



	AEC.Cookie.visitor(visitor).push(dataLayer);

</script>
<!-- Google Tag Manager -->
<script>(function(w,d,s,l,i){w[l]=w[l]||[];w[l].push({'gtm.start':
new Date().getTime(),event:'gtm.js'});var f=d.getElementsByTagName(s)[0],
j=d.createElement(s),dl=l!='dataLayer'?'&l='+l:'';j.async=true;j.src=
'https://www.googletagmanager.com/gtm.js?id='+i+dl;f.parentNode.insertBefore(j,f);
})(window,document,'script','dataLayer','GTM-NZMMQJS');</script>
<!-- End Google Tag Manager -->

<script>AEC.Persist.merge()</script>
<script>AEC.Cookie.pushPrivate()</script>

						<script>
    // this should be included in all pages
    var PeeriusCallbacks = PeeriusCallbacks || {};
    PeeriusCallbacks.apiVersion = "v1_4";
    PeeriusCallbacks.currentCurrency = "CHF";
    PeeriusCallbacks.track = PeeriusCallbacks.track || {};
    PeeriusCallbacks.track.recContent = "full";
    PeeriusCallbacks.track.smartRecs = {
        "showAttributes" : ["*"],
        "markRecsAsShown" : true // We assume that anything that EPI sends is shown
    };
    PeeriusCallbacks.track.type = "other"; // Use "other" for every page, this will be overwritten in specific cases
    PeeriusCallbacks.track.lang = "de";
    </script>

<script>
    var PeeriusCallbacks = PeeriusCallbacks || {};
    PeeriusCallbacks.track = PeeriusCallbacks.track || {};
    PeeriusCallbacks.track.type = "home";
</script>    <script type="text/javascript">
        /* <![CDATA[ */
        window._lea = window._lea || [ ];

        // Start editable part
        window._lea.push({
            id: 'osWKbZHdJwaREZqclOw1',
            module: 'Profiling',
            event: 'PageView'
        });
        // End editable part

        (function(d){var s=d.createElement("script");s.async=true;s.src=(d.location.protocol==="https:"?"https:":"http:")+"//tc.connects.ch/lila.js";var a=d.getElementsByTagName("script")[0];a.parentNode.insertBefore(s,a)})(document);

        /* ]]> */
    </script>

<!-- TradeDoubler universal tag implementation -->
<script>
    // Initialize TDConf and TDConf.Config, in other serializers we will use that
    var TDConf = TDConf || {};
    TDConf.Config = {
        "protocol" : document.location.protocol
    };
</script>
<script>
    require([
        'jquery',
        'mage/apply/main'
    ], function ($, main) {
        "use strict";

        window.PeeriusCallbacks = window.PeeriusCallbacks || {};
        window.PeeriusCallbacks.smartRecs = function(jsonData) {
            for(var i = 0; i < jsonData.length; i++) {
                var widget = jsonData[i];
                var containerJq = $('.result-recommendation[data-position='+widget.position+']:first');
                var resultTargetJq = $('[data-role=content-result]', containerJq);
                if (resultTargetJq.length == 0) {
                    console.log("The target for widget position='"+widget.position+"' is not defined correctly");
                    continue;
                }

                (function(w) {
                    // We execute it inside anonymous closure to access "widget" variable of the loop
                    $.ajax({
                        // Technically EPI is able to return all necessary attributes for rendering the recommended products in a grid,
                        // this would be much faster, but we send data to EPI only once a day, threfore data correctness might suffer.
                        // So we load all the recommended products with an Ajax call, it isn't a huge performance penalty and data is always correct.
                        url: 'https://www.moevenpick-wein.com/de/epi/recommendation/callback/',
                        type: 'POST',
                        data: w
                    }).done(function (response) {
                        if ($.trim(response)) {
                            var $container = $('.result-recommendation[data-position='+w.position+']:first');
                            var $resultTarget = $('[data-role=content-result]', $container);

                            var size = $container.data('size');
                            if (!size || size > 4) {
                                size = 4;
                            }

                            $resultTarget.html(response);
                            main.apply();
                            $container.css('visibility', 'visible');

                            var grid = $container.find('.products-grid');

                            if (window.Peerius) {
                                // Attach the click listeners so that EPI can have statistics about performance of recommendations
                                $(".item.recommendation", grid).each(function(){
                                    var $recommendationItem = $(this);
                                    var recid = $recommendationItem.data("recid");
                                    if (recid) {
                                        // Clicks that bring the user to the new page
                                        $(".product-box-image a, .product-name a, .link-to-details a, a.to-product-link", $recommendationItem).on("click", function(){
                                            var id = recid;
                                            Peerius.smartRecsClick(id);
                                        });

                                        // Clicks that do not bring the user to the new page
                                        $(".action.btn-cart, .link-to-quickview a", $recommendationItem).on("click", function(){
                                            var id = recid;
                                            Peerius.smartRecsSendClick(id);
                                        });
                                    }
                                });
                            }

                            var gridElements = grid.children().length;
                            var limit = 4;

                            if ($('body').hasClass('catalog-product-view')) {
                                limit = 2;
                            }

                            var slickResponsiveConfig =  [
                                {
                                    breakpoint: 1024,
                                    settings: {
                                        slidesToShow: (gridElements >= limit ? limit : gridElements),
                                        slidesToScroll: (gridElements >= limit ? limit : gridElements)
                                    }
                                },
                                {
                                    breakpoint: 768,
                                    settings: {
                                        slidesToShow: (gridElements >= limit - 1 ? limit - 1 : gridElements),
                                        slidesToScroll: (gridElements >= limit - 1 ? limit - 1 : gridElements)
                                    }
                                },
                                {
                                    breakpoint: 480,
                                    settings: {
                                        slidesToShow: 1,
                                        slidesToScroll: 1
                                    }
                                }
                            ];

                            gridElements = (gridElements < size) ? gridElements : size;
                            grid.slick({
                                infinite: true,
                                slidesToShow: (gridElements >= limit ? limit : gridElements),
                                slidesToScroll: (gridElements >= limit ? limit : gridElements),
                                responsive: slickResponsiveConfig
                            });

                            $(document).trigger('customerPriceUpdate');
                        }
                    });
                })(widget);
            }
        };

        // Load the tracking js of EPI, we do it here to ensure that it's loaded after PeeriusCallbacks.smartRecs is defined
        require(["//moevenpickch.peerius.episerver.net/tracker/peerius.page"]);

        var test = [
            {
                widget: 'test',
            alias: 'test',
            position: '404_ip',
            recs: [
                {
                    img: '',
                    title: '',
                    refCode: 'ds21611037C8100',
                    id: 1,
                    attributes: {}
                },
                {
                    img: '',
                    title: '',
                    refCode: 'ds00211075B6030',
                    id: 2,
                    attributes: {}
                },
                {
                    img: '',
                    title: '',
                    refCode: 'ds09511025C8100',
                    id: 3,
                    attributes: {}
                },
                {
                    img: '',
                    title: '',
                    refCode: 'ds08311075B6000',
                    id: 4,
                    attributes: {}
                }
            ]
            }
        ];
        //window.PeeriusCallbacks.smartRecs(test);
    });

</script>
    <script type="text/javascript" charset="utf-8" async="" data-requirecontext="_" data-requiremodule="//moevenpickch.peerius.episerver.net/tracker/peerius.page" src="./index_files/peerius.page"></script><style type="text/css">.fancybox-margin{margin-right:0px;}</style><script src="./index_files/klevu-157476310645311045.js" type="text/javascript"></script><script charset="UTF-8" id="peeriusScript" type="text/javascript" src="./index_files/tracker.page"></script><script src="./index_files/f(1).txt"></script><script charset="UTF-8" type="text/javascript" src="./index_files/trackerform.page"></script><script src="./index_files/klevu-157476310645311045-maps.js" type="text/javascript"></script><link rel="stylesheet" type="text/css" href="./index_files/klevu_search_box_klevu-157476310645311045.min.css"><script src="./index_files/klevu-layout-slim.js" type="text/javascript"></script></head>
    <body data-container="body" class="cms-home cms-index-index page-layout-1column" aria-busy="false">
        <svg xmlns="http://www.w3.org/2000/svg" style="display: none;">
    <symbol id="icon-arrow" viewBox="0 0 47.62 90">
        <path d="M46.14,45.09L3.78,1.42,1.42,3.78l41,41.31-41,41.14,2.45,2.36,42.28-43.5"></path>
    </symbol>

    <symbol id="icon-arrow_drop_up" viewBox="0 0 24 24">
        <title>arrow_drop_up</title>
        <path d="M6.984 14.016l5.016-5.016 5.016 5.016h-10.031z"></path>
    </symbol>

    <symbol id="icon-arrow_drop_down" viewBox="0 0 24 24">
        <title>arrow_drop_down</title>
        <path d="M6.984 9.984h10.031l-5.016 5.016z"></path>
    </symbol>

    <symbol id="icon-at" viewBox="0 0 90 90">
        <path d="M90,45A45,45,0,1,0,45,90a51,51,0,0,0,11.81-1.5l-0.94-3.56A53.85,53.85,0,0,1,45,86.25,41.25,41.25,0,1,1,86.25,45c0,6.75-.94,14.06-5.06,19.31h0s-5.62,5.44-9.94,3.56c-2.81-1.12-7.5-6.38-7.5-28.5H63.37a18.8,18.8,0,1,0-2.62,13.87q2,15.19,9,18a11,11,0,0,0,3.37.75c5.44,0,10.31-5.06,10.5-5.25l-1.5-1.5,1.5,1.5C87.75,61.69,90,52.5,90,45ZM59.62,46.5A14.89,14.89,0,0,1,45,58.13a15,15,0,1,1,15-15A20.66,20.66,0,0,1,59.62,46.5Z"></path>
    </symbol>

    <symbol id="icon-bottle" viewBox="0 0 32.94 90">
        <path d="M27.36,90H5.67A5.65,5.65,0,0,1,0,84.33V35.82a11.4,11.4,0,0,1,2.25-6.3c2.25-2.7,6.48-4.86,8.37-6.12a1.77,1.77,0,0,0,.81-1.53V9C9.72,9,9.9,7.65,9.9,6V3a3,3,0,0,1,3-3h7.2a3,3,0,0,1,3,3v3c0,1.62.18,3-1.53,3V21.78a1.74,1.74,0,0,0,.9,1.53c2.25,1.35,6.21,3.87,8.19,6.12a9.41,9.41,0,0,1,2.34,6.3V84.24A5.54,5.54,0,0,1,27.36,90Z"></path>
    </symbol>

    <symbol id="icon-box" viewBox="0 0 106.74 90">
        <path d="M89.79,0h-72L0,27.84V90H106.74V27.84ZM87.28,4.19l14,23H62.58l-1.67-23H87.28Zm-39.35,0h8.58l1.67,23H46ZM46,31.4H58.6V50.23H46V31.4Zm-26-27.21H43.74l-1.67,23H5.44Zm82.47,81.63H4.19V31.4H41.86v23H62.79v-23h39.77V85.81ZM81.63,64.88H96.28a2.09,2.09,0,0,0,0-4.19H81.63A2.09,2.09,0,1,0,81.63,64.88ZM67,73.26h29.3a2.09,2.09,0,0,0,0-4.19H67A2.09,2.09,0,1,0,67,73.26Zm29.3,4.19H77.44a2.09,2.09,0,1,0,0,4.19H96.28A2.09,2.09,0,0,0,96.28,77.44Z"></path>
    </symbol>

    <symbol id="icon-box1" viewBox="0 0 110 90">
        <path d="M0,0V26H6V90h98V26h6V0H0ZM100,86H10V26h90V86Zm6-64H4V4H106V22ZM41,52H69a8,8,0,0,0,0-16H41A8,8,0,0,0,41,52Zm0-12H69a4,4,0,0,1,0,8H41A4,4,0,0,1,41,40Z"></path>
    </symbol>

    <symbol id="icon-call1" viewBox="0 0 80.03 90">
        <path d="M60.38,61.66a5,5,0,0,0-6.76,0l-4.51,4.51a5,5,0,0,1-6.76,0l-18.52-18a4.67,4.67,0,0,1,0-6.76l4.51-4.51a4.63,4.63,0,0,0,1.45-3.38,4.38,4.38,0,0,0-1.45-3.38L18,19.8a5,5,0,0,0-6.76,0L6.77,24.15l-0.16.16A2.43,2.43,0,0,0,5.32,25.6c-5.8,6.12-6.92,13.69-3.06,22.54,2.9,6.6,8.37,14,17.07,22.54C32.53,83.88,42.84,90,51.85,90a18.07,18.07,0,0,0,12.72-5.31,2.43,2.43,0,0,0,1.29-1.29A0.16,0.16,0,0,1,66,83.24l4.51-4.51a4.67,4.67,0,0,0,0-6.76ZM13.69,21.9a1.56,1.56,0,0,1,2.25,0l10.3,10.3a1.56,1.56,0,0,1,0,2.25l-3.38,3.38L10.31,25.28Zm38.16,65c-8.05,0-17.87-6-30.27-18.35C13.21,60.21,7.9,53.13,5.32,47,1.94,39.12,2.75,32.84,8.06,27.69L20.62,40.41a8.06,8.06,0,0,0,1,10.14L39.78,68.75a8.2,8.2,0,0,0,5.64,2.42,9.11,9.11,0,0,0,4.51-1.29L62.64,82.59A16.41,16.41,0,0,1,51.85,86.94ZM68.27,76.48l-3.38,3.38L52.33,67.3l3.38-3.38a1.56,1.56,0,0,1,2.25,0l10.3,10.3A1.56,1.56,0,0,1,68.27,76.48Zm-3.7-52.81a12.72,12.72,0,0,0,5.8-10.79,12.88,12.88,0,0,0-25.76,0,13.11,13.11,0,0,0,5.8,10.79A22.44,22.44,0,0,0,34.95,45.08h3.22a19.32,19.32,0,1,1,38.64,0H80A22.64,22.64,0,0,0,64.57,23.67Zm-7.08-1.13a9.66,9.66,0,1,1,9.66-9.66A9.69,9.69,0,0,1,57.49,22.54Z"></path>
    </symbol>

    <symbol id="icon-call" viewBox="0 0 90.36 90">
        <path d="M88.55,67.36L75.81,54.42a6.24,6.24,0,0,0-8.49,0l-5.66,5.66a6.24,6.24,0,0,1-8.49,0L29.93,37.24a5.86,5.86,0,0,1,0-8.49l5.66-5.66a5.82,5.82,0,0,0,1.82-4.24,5.51,5.51,0,0,0-1.82-4.24L22.65,1.67a6.24,6.24,0,0,0-8.49,0L8.5,7.33A15.22,15.22,0,0,0,6.68,9.15C-0.6,16.83-2,26.33,2.84,37.45,6.48,45.73,13.35,55,24.27,65.74,40.84,82.32,53.78,90,65.1,90a22.68,22.68,0,0,0,16-6.67l1.82-1.82,5.66-5.66A5.86,5.86,0,0,0,88.55,67.36ZM17.19,4.5A2,2,0,0,1,20,4.5L33,17.43a2,2,0,0,1,0,2.83l-4.24,4.24-16-15.77Zm9.9,58.62C16.59,52.61,9.92,43.71,6.48,36c-4.24-9.9-3-18,3.44-24.46h0l15.77,16a10.12,10.12,0,0,0,1.21,12.73L49.74,63.12a10.29,10.29,0,0,0,7.07,3,11.43,11.43,0,0,0,5.66-1.62l16,15.77A18.41,18.41,0,0,1,64.9,86.16C55,86.16,42.66,78.48,27.1,63.12ZM85.72,73l-4.24,4.24L65.7,61.5l4.24-4.24a2,2,0,0,1,2.83,0L85.72,70.19A2,2,0,0,1,85.72,73Z"></path>
    </symbol>

    <symbol id="icon-cart" viewBox="0 0 122.63 90">
        <path d="M122.63,6.58H41.68V11H117.8L111,61.42H38.83L19.08,0H0V4.39H16l20.4,61.42h78.54M81.17,48.26V26.32H76.78V48.26h4.39Zm11,0V26.32H87.75V48.26h4.39Zm11,0V26.32H98.72V48.26h4.39Zm-54.84,0V26.32H43.87V48.26h4.39Zm11,0V26.32H54.84V48.26h4.39Zm6.58,0H70.2V26.32H65.81V48.26m-14,19.52A11.19,11.19,0,1,0,63,79,11.1,11.1,0,0,0,51.77,67.79Zm0,17.77a6.8,6.8,0,1,1,6.8-6.8A6.83,6.83,0,0,1,51.77,85.56Zm48.7-17.77A11.19,11.19,0,1,0,111.66,79,11.1,11.1,0,0,0,100.47,67.79Zm0,17.77a6.8,6.8,0,1,1,6.8-6.8A7,7,0,0,1,100.47,85.56Z"></path>
    </symbol>

    <symbol id="icon-cart-new" viewBox="0 -1.0067437379576134 55 55">
        <path d="M55.1,16c-0.2,0-0.4,0-0.6,0.1C54.4,16.1,54.2,16,54,16h-3l0-11H38.4l-3.1-3.1L33,4.2L33,0h-7l0,11.2l-2.1,2.1l2.1,2.2V16    h-6c-0.6,0-1,0.4-1,1s0.4,1,1,1h33.8l-3.1,23H17.7c0,0,0-0.1,0-0.1L9.1,13.8c-0.1-0.2-0.2-0.4-0.4-0.5C8.5,13.2,8.3,13,8,13H1    c-0.6,0-1,0.4-1,1s0.4,1,1,1h6.3l8.5,26.5c0.1,0.2,0.2,0.3,0.3,0.4c0.1,0.5,0.4,1.1,0.9,1.1h34c0.3,0,0.6-0.1,0.8-0.4    c0.4-0.1,0.7-0.4,0.7-0.8l3.4-24.7C56,16.6,55.6,16.1,55.1,16z M28,2h3l0,4.2l-3,3L28,2z M41.4,16H29.3l-2.5-2.8l8.5-8.5l8.6,8.6    L41.4,16z M49,16h-4l1.3-2.2l0.5-0.5l-0.1-0.1l0.1-0.1L41,7h8V16z M37,33.9v-7.9c0-0.5-0.5-1-1-1s-1,0.4-1,1v7.9c0,0.5,0.5,1,1,1    S37,34.4,37,33.9z M42,33.9v-7.9c0-0.5-0.5-1-1-1s-1,0.4-1,1v7.9c0,0.5,0.5,1,1,1S42,34.4,42,33.9z M47,33.9v-7.9c0-0.5-0.4-1-1-1    c-0.5,0-1,0.4-1,1v7.9c0,0.5,0.4,1,1,1C46.6,34.9,47,34.4,47,33.9z M22,33.9v-7.9c0-0.5-0.4-1-1-1c-0.5,0-1,0.4-1,1v7.9    c0,0.5,0.4,1,1,1C21.6,34.9,22,34.4,22,33.9z M27,33.9v-7.9c0-0.5-0.4-1-1-1c-0.5,0-1,0.4-1,1v7.9c0,0.5,0.4,1,1,1    C26.6,34.9,27,34.4,27,33.9z M32,33.9v-7.9c0-0.5-0.5-1-1-1c-0.6,0-1,0.4-1,1v7.9c0,0.5,0.5,1,1,1C31.6,34.9,32,34.4,32,33.9z     M23.6,43.6c-2.8,0-5.1,2.2-5.1,5c0,2.8,2.3,5,5.1,5c2.8,0,5.1-2.2,5.1-5C28.7,45.9,26.4,43.6,23.6,43.6z M23.6,51.7    c-1.7,0-3.1-1.4-3.1-3c0-1.7,1.4-3,3.1-3c1.7,0,3.1,1.4,3.1,3C26.7,50.3,25.3,51.7,23.6,51.7z M45.8,43.6c-2.8,0-5.1,2.2-5.1,5    c0,2.8,2.3,5,5.1,5s5.1-2.2,5.1-5C50.9,45.9,48.6,43.6,45.8,43.6z M45.8,51.7c-1.7,0-3.1-1.4-3.1-3c0-1.7,1.4-3,3.1-3    c1.7,0,3.1,1.4,3.1,3C48.9,50.3,47.5,51.7,45.8,51.7z"></path>
    </symbol>

    <symbol id="icon-caution" viewBox="0 0 90 90">
        <path d="M45,90A45,45,0,1,0,0,45,45.13,45.13,0,0,0,45,90ZM45,3.46A41.54,41.54,0,1,1,3.46,45,41.66,41.66,0,0,1,45,3.46Zm0,69.23a4.15,4.15,0,1,0-4.15-4.15A4,4,0,0,0,45,72.69Zm3-19V17.31h-6V53.65h6Z"></path>
    </symbol>

    <symbol id="icon-check" viewBox="0 0 87.46 63">
        <path d="M0,37L26,63h1.52l60-60-3-3L26.84,57.58,3,34Z"></path>
    </symbol>

    <symbol id="icon-cobrowsing" viewBox="0 0 84.71 90">
        <path d="M11.29,7.06a4.33,4.33,0,0,0-4.24,4.41,4.33,4.33,0,0,0,4.24,4.41,4.33,4.33,0,0,0,4.24-4.41A4.22,4.22,0,0,0,11.29,7.06Zm14.29,0a4.33,4.33,0,0,0-4.24,4.41,4.24,4.24,0,1,0,8.47,0A4.33,4.33,0,0,0,25.59,7.06ZM77.65,0H7.06A7.08,7.08,0,0,0,0,7.06V82.94A7.08,7.08,0,0,0,7.06,90H77.65a7.08,7.08,0,0,0,7.06-7.06V7.06A7.08,7.08,0,0,0,77.65,0Zm3.53,82.94a3.54,3.54,0,0,1-3.53,3.53H7.06a3.54,3.54,0,0,1-3.53-3.53v-60H81.18Zm0-63.53H3.53V7.06A3.54,3.54,0,0,1,7.06,3.53H77.65a3.54,3.54,0,0,1,3.53,3.53ZM39.88,7.06a4.33,4.33,0,0,0-4.24,4.41,4.24,4.24,0,1,0,8.47,0A4.33,4.33,0,0,0,39.88,7.06Z"></path>
    </symbol>

    <symbol id="icon-delivery" viewBox="0 0 84.35 90">
        <path d="M83.41,63.83L42.18,73.62A14.33,14.33,0,0,0,28.24,61.76H26.92L15.82,7.91,1.88,0,0,3.2l12.43,7.15L23.35,62.7A14.08,14.08,0,0,0,28.24,90,14.11,14.11,0,0,0,42.36,77.38l42-10ZM28.24,86.42A10.36,10.36,0,1,1,38.6,76.07,10.45,10.45,0,0,1,28.24,86.42Zm2.45-53.66,7.15,29.37,38.41-9.41L69.1,23.54,54.41,27.11,49,5.08,25.23,10.92l5.46,21.84h0Zm35.59-4.9,5.46,22L40.67,57.62l-5.46-22,3.39-.75ZM29.75,13.56l16.38-4,4.52,18.26L34.27,32Z"></path>
    </symbol>

    <symbol id="icon-edit" viewBox="0 0 65.2 65.2">
        <path d="M60.32,5h0a17.13,17.13,0,0,0-24.1-.16L.16,40.79l.31.16A1.41,1.41,0,0,0,0,42V63.64c0,.93.47,1.55,1.24,1.55H22.85a1.21,1.21,0,0,0,1.09-.47l.16.16L60.16,29A16.94,16.94,0,0,0,60.32,5ZM6.06,59a2.78,2.78,0,0,0-3-.78V44.83l7.62.31.16,7.31v1.71H11v.16h1.71l7.46.16.31,7.62H6.68C7,60.53,6.84,59.76,6.06,59ZM44.93,26.8,20.21,51.36,14,51.21l-.16-6.53L38.24,20.11ZM24.1,60.38h0l-.78.78L23,53.07v-.31L46.95,28.82l4.35,4.35L24.1,60.38Zm9.79-49,2.18-2.18L55.81,28.82,53.63,31ZM4.51,40.79h0L31.71,13.58l4.35,4.35L12,42h0l-8.39-.31ZM58.14,26.64h0L38.24,7.05l.16-.16A14.08,14.08,0,0,1,58,6.9l.16.16A14.08,14.08,0,0,1,58.14,26.64Z"></path>
    </symbol>

    <symbol id="icon-eye" viewBox="0 -7.99868073878628 47 47">
        <path d="M46.9,13.3L46.9,13.3C46.6,12.7,37.8,0,23.7,0h-0.4C9.2,0,0.4,12.7,0.1,13.2l0.1,0.1L0,13.4c0.1,0.2,2.3,4.4,6.2,8.8    c5.3,5.8,11.2,8.9,17.1,8.9h0.4c5.9,0,11.8-3.1,17.1-8.9c3.9-4.3,6.1-8.6,6.2-8.8L46.9,13.3z M11.9,5.2c3.2-1.8,7-3.2,11.4-3.2    h0.4c4.2,0,8,1.3,11.1,3c0.8,1.7,1.2,3.5,1.2,5.5c0,7-5.7,12.7-12.7,12.7s-12.7-5.7-12.7-12.7C10.7,8.6,11.2,6.8,11.9,5.2z     M23.7,29h-0.4c-11,0-18.8-11.9-21-15.5C3.4,12.1,5.8,9.4,9.2,7c-0.3,1.1-0.5,2.3-0.5,3.5c0,8.1,6.6,14.8,14.6,14.8    c8.1,0,14.6-6.6,14.6-14.8c0-1.3-0.2-2.6-0.5-3.8c3.6,2.5,6,5.4,7.1,6.8C42.5,17.2,34.7,29,23.7,29z M17.9,13.8    c2.5,0,4.6-2.1,4.6-4.6c0-2.5-2.1-4.6-4.6-4.6c-2.5,0-4.6,2.1-4.6,4.6C13.3,11.8,15.4,13.8,17.9,13.8z M17.9,6.6    c1.4,0,2.6,1.2,2.6,2.6c0,1.4-1.2,2.6-2.6,2.6c-1.4,0-2.6-1.2-2.6-2.6C15.3,7.8,16.4,6.6,17.9,6.6z"></path>
    </symbol>

    <symbol id="icon-eye-password" viewBox="0 0 32 32">
        <path d="M16 6c-6.979 0-13.028 4.064-16 10 2.972 5.936 9.021 10 16 10s13.027-4.064 16-10c-2.972-5.936-9.021-10-16-10zM23.889 11.303c1.88 1.199 3.473 2.805 4.67 4.697-1.197 1.891-2.79 3.498-4.67 4.697-2.362 1.507-5.090 2.303-7.889 2.303s-5.527-0.796-7.889-2.303c-1.88-1.199-3.473-2.805-4.67-4.697 1.197-1.891 2.79-3.498 4.67-4.697 0.122-0.078 0.246-0.154 0.371-0.228-0.311 0.854-0.482 1.776-0.482 2.737 0 4.418 3.582 8 8 8s8-3.582 8-8c0-0.962-0.17-1.883-0.482-2.737 0.124 0.074 0.248 0.15 0.371 0.228v0zM16 13c0 1.657-1.343 3-3 3s-3-1.343-3-3 1.343-3 3-3 3 1.343 3 3z"></path>
    </symbol>

    <symbol id="icon-facebook" viewBox="0 0 44.59 90">
        <path d="M30.68,90H8.18V47H0V28.64H8.18L8.59,20C8.59,10.43,13.91,0,29,0H44.59V18.82H32.73c-1.23,0-2,.2-2,1.64v8.18H43V47H30.68V90ZM12.27,85.91H26.59l0.2-43H39.27L38.86,32.73H26.59l0.2-11.86a5.73,5.73,0,0,1,5.93-6.14H40.5V4.09H29c-15.14,0-16.16,12.27-16.16,16L12.27,32.73H4.09V43h8.18v43Z"></path>
    </symbol>

    <symbol id="icon-twitter" viewBox="0 0 111.27 90">
        <path d="M37.24,90h0c-10.12,0-19.57-2.25-27-6.75-0.9-.45-11.47-9-10.13-14.17,0.22-1.12,1.35-2.92,5-2.92h3.6a88.58,88.58,0,0,0,11.25-.45,20.5,20.5,0,0,1-7.65-9.45,14.23,14.23,0,0,1-1.13-5.85A19.05,19.05,0,0,1,8,46.13,26.88,26.88,0,0,1,4.62,31.27,5.5,5.5,0,0,1,6,27.22a6.57,6.57,0,0,1-.45-2,21.44,21.44,0,0,1-.67-7.87A20.48,20.48,0,0,1,11.59,2.25a4.15,4.15,0,0,1,2.7-1.12c2.92,0,5.4,2.92,8.1,6.75a18.26,18.26,0,0,0,1.35,1.8c5.85,5.63,13.05,9.45,23.4,12.38A22.46,22.46,0,0,1,53.67,8.1,26.54,26.54,0,0,1,72.79,0a28.58,28.58,0,0,1,7.65,1.13,30.58,30.58,0,0,1,8.33,4.72A26.46,26.46,0,0,0,95.52,3.6c0.22-.23.67-0.23,0.9-0.45,1.58-.9,3.6-2,5.4-2a3.92,3.92,0,0,1,3.83,2.7c0.67,1.57.22,3.6-.45,5.62a5.63,5.63,0,0,1,2.92.68h0.45l0.67,0.9h0v0.22h0.67l1.35,1.8-0.45.45c0.22,3.15-2.25,7-4.72,10.13a20.85,20.85,0,0,1-3.15,3.15c-1.8,1.57-3.15,2.7-2.92,3.82,0.9,9.22-2.92,18.68-5.85,25.2C87.42,70.88,74.59,81.9,58.62,87.07A87.32,87.32,0,0,1,37.24,90ZM4.84,70.65c0.9,2.25,6.08,7.65,7.87,8.77,6.75,4,15.3,6.08,24.52,6.08h0a64.77,64.77,0,0,0,19.58-3.15c14.85-4.72,26.55-14.85,32.85-28.8,2.7-5.85,6.3-14.85,5.4-22.95-0.22-3.37,2.25-5.62,4.5-7.43A25.67,25.67,0,0,0,102,20.7c3.6-4.72,3.82-6.52,3.82-7.2h-0.22a11.61,11.61,0,0,0-2.47.45,2.45,2.45,0,0,1-1.12.22l-4.5,1.13,1.8-4c1.8-4,2-5.62,2-6.3A11.63,11.63,0,0,0,98.44,6.3,7.4,7.4,0,0,1,97.09,7,31.21,31.21,0,0,1,87.87,9.9l-1.12.22-0.9-.68a17.8,17.8,0,0,0-7.42-4.28,20.26,20.26,0,0,0-5.63-.67A22.16,22.16,0,0,0,57.27,11a17.81,17.81,0,0,0-5.4,13.72l0.23,3.15L48.94,27c-12.37-3.37-21.37-7.87-28.35-14.4a25.84,25.84,0,0,1-1.8-2.25c-0.9-1.13-3.15-4-4.27-4.72A16.68,16.68,0,0,0,9.34,17.55a22.74,22.74,0,0,0,.45,7c0.22,1.13.68,2.25,0.9,3.15l1.13,2.7-2.7.45v0.9a24,24,0,0,0,2.7,12.38,14,14,0,0,0,3.15,4l0.67,0.68V50a10.55,10.55,0,0,0,.9,5c1.58,4.27,5.62,7.88,10.8,9.9l5.85,2.25-6.07,1.8a50.5,50.5,0,0,1-14.85,1.8H4.84Z"></path>
    </symbol>

    <symbol id="icon-instagram" viewBox="0 0 504.84 504.84">
        <path d="M252.42,45.89c67.27,0,75.23.26,101.8,1.47,24.56,1.12,37.9,5.22,46.78,8.67a78.05,78.05,0,0,1,29,18.84,78.05,78.05,0,0,1,18.84,29c3.45,8.88,7.55,22.22,8.67,46.78,1.21,26.56,1.47,34.53,1.47,101.8s-.26,75.23-1.47,101.8c-1.12,24.56-5.22,37.9-8.67,46.78A83.43,83.43,0,0,1,401,448.81c-8.88,3.45-22.22,7.55-46.78,8.67-26.56,1.21-34.53,1.47-101.8,1.47s-75.24-.26-101.8-1.47c-24.56-1.12-37.9-5.22-46.78-8.67a78.05,78.05,0,0,1-29-18.84A78.05,78.05,0,0,1,56,401c-3.45-8.88-7.55-22.22-8.67-46.78-1.21-26.56-1.47-34.53-1.47-101.8s.26-75.23,1.47-101.8c1.12-24.56,5.22-37.9,8.67-46.78a78.05,78.05,0,0,1,18.84-29,78.05,78.05,0,0,1,29-18.84c8.88-3.45,22.22-7.55,46.78-8.67,26.56-1.21,34.53-1.47,101.8-1.47m0-45.39C184,.5,175.42.79,148.55,2S103.43,7.5,87.4,13.73A123.49,123.49,0,0,0,42.78,42.78,123.49,123.49,0,0,0,13.73,87.4C7.5,103.43,3.24,121.74,2,148.55S.5,184,.5,252.42s.29,77,1.52,103.87,5.48,45.13,11.71,61.15a123.49,123.49,0,0,0,29.06,44.62A123.49,123.49,0,0,0,87.4,491.12c16,6.23,34.34,10.49,61.15,11.71s35.45,1.52,103.87,1.52,77-.29,103.87-1.52,45.13-5.48,61.15-11.71a128.82,128.82,0,0,0,73.68-73.68c6.23-16,10.49-34.34,11.71-61.15s1.52-35.45,1.52-103.87-.29-77-1.52-103.87-5.48-45.13-11.71-61.15a123.49,123.49,0,0,0-29.06-44.62,123.49,123.49,0,0,0-44.62-29.06C401.41,7.5,383.1,3.24,356.29,2S320.84.5,252.42.5Z"></path>
        <path d="M252.42,123.06A129.36,129.36,0,1,0,381.79,252.42,129.36,129.36,0,0,0,252.42,123.06Zm0,213.34a84,84,0,1,1,84-84A84,84,0,0,1,252.42,336.39Z"></path>
        <circle cx="386.9" cy="117.94" r="30.23"></circle>
    </symbol>

    <symbol id="icon-pinterest" viewBox="0 0 796.8 1024.2">
        <path d="M347.2 3.4C177 22.4 7.4 160.1.4 356.8-4 476.9 30.1 567 144.4 592.3c49.6-87.5-16-106.8-26.2-170.1C76.3 162.8 417.4-14.1 595.9 167c123.5 125.4 42.2 511.2-157 471.1-190.8-38.3 93.4-345.4-58.9-405.7-123.8-49-189.6 149.9-130.9 248.7-34.4 169.9-108.5 330-78.5 543.1 97.3-70.6 130.1-205.8 157-346.8 48.9 29.7 75 60.6 137.4 65.4 230.1 17.8 358.6-229.7 327.2-458C764.3 82.4 562.3-20.6 347.2 3.4z"></path>
    </symbol>

    <symbol id="icon-glas" viewBox="0 0 66.12 90">
        <rect x="11.02" y="86.33" width="42.24" height="3.67"></rect>
        <rect x="31.22" y="49.59" width="3.67" height="38.57"></rect>
        <path d="M33.06,51.43A33.16,33.16,0,0,1,0,18.37V0H66.12V18.37A33.16,33.16,0,0,1,33.06,51.43ZM3.67,3.67V18.37a29.39,29.39,0,0,0,58.78,0V3.67H3.67Z"></path>
        <rect x="1.84" y="12.86" width="62.45" height="3.67"></rect>
    </symbol>

    <symbol id="icon-glasses" viewBox="0 0 125.07 90">
        <path d="M125.07,83.42l-1-4.26-10.7,2.71-8.9-34.3c6.06-2.32,10.7-7.87,13.15-15.86,2.71-8.51,2.71-19.08,0-29.66L117.08,0,66,13l0.52,2.06C71.69,34.68,84.84,48.87,98,48.87h0a14,14,0,0,0,2.32-.13l8.9,34.3-10.7,2.71,1,4.26,13.28-3.35,1.68-.52h0ZM98,44.48h0c-10.7,0-21.66-11.86-26.56-28.37L114,5.29c2.06,9,1.93,17.92-.39,25.14s-6.7,12.25-12.25,13.67A15.75,15.75,0,0,1,98,44.48ZM7.48,2.19c-2.71,10.57-2.71,21.15,0,29.66,2.58,8,7.22,13.54,13.15,15.86L11.73,82,1,79.3,0,83.55l10.7,2.58h0l1.55,0.39L25.53,90l1-4.26L15.86,83l9-34.3a14,14,0,0,0,2.32.13c13.15,0,26.3-14.18,31.33-33.78L59.05,13,8,0Zm3.74,3.09L53.77,16.12c-4.9,16.5-15.86,28.37-26.56,28.37a14.87,14.87,0,0,1-3.35-.39c-5.54-1.42-9.8-6.19-12.25-13.67C9.28,23.21,9.15,14.44,11.22,5.29Z"></path>
        <path d="M125.07,83.42l-1-4.26-10.7,2.71-8.9-34.3c6.06-2.32,10.7-7.87,13.15-15.86,2.71-8.51,2.71-19.08,0-29.66L117.08,0,66,13l0.52,2.06C71.69,34.68,84.84,48.87,98,48.87h0a14,14,0,0,0,2.32-.13l8.9,34.3-10.7,2.71,1,4.26,13.28-3.35,1.68-.52h0ZM98,44.48h0c-10.7,0-21.66-11.86-26.56-28.37L114,5.29c2.06,9,1.93,17.92-.39,25.14s-6.7,12.25-12.25,13.67A15.75,15.75,0,0,1,98,44.48ZM7.48,2.19c-2.71,10.57-2.71,21.15,0,29.66,2.58,8,7.22,13.54,13.15,15.86L11.73,82,1,79.3,0,83.55l10.7,2.58h0l1.55,0.39L25.53,90l1-4.26L15.86,83l9-34.3a14,14,0,0,0,2.32.13c13.15,0,26.3-14.18,31.33-33.78L59.05,13,8,0Zm3.74,3.09L53.77,16.12c-4.9,16.5-15.86,28.37-26.56,28.37a14.87,14.87,0,0,1-3.35-.39c-5.54-1.42-9.8-6.19-12.25-13.67C9.28,23.21,9.15,14.44,11.22,5.29Z"></path>
    </symbol>

    <symbol id="icon-grape" viewBox="0 0 64.99 90">
        <path d="M55.53,34.47h0a9.81,9.81,0,0,0,1.89-5.76A9.53,9.53,0,0,0,40.23,23a9.46,9.46,0,0,0-7.65-3.87l1.89-.27C34.38,18.36,33,5.4,46.17,3.78L45.72,0C32.13,1.71,30,13.32,30.69,19.35a9.37,9.37,0,0,0-4.41,2.25A9.56,9.56,0,0,0,7.74,24.84a9.32,9.32,0,0,0,.81,3.87,9.61,9.61,0,0,0-1.8,18.72,9.44,9.44,0,0,0-1,4.23,9.57,9.57,0,0,0,6.3,9,9.39,9.39,0,0,0-2.43,6.39,9.56,9.56,0,0,0,8.46,9.54,9.32,9.32,0,0,0-.81,3.87,9.54,9.54,0,0,0,19.08,0,13.43,13.43,0,0,0-.18-1.89h0.18A9.54,9.54,0,0,0,45.9,69a9.32,9.32,0,0,0-.81-3.87H45.9a9.54,9.54,0,0,0,9.54-9.54,13.43,13.43,0,0,0-.18-1.89h0.18A9.54,9.54,0,0,0,65,44.19,9.4,9.4,0,0,0,55.53,34.47ZM40.23,47.88h0a5.74,5.74,0,0,1-5.76-5.76,5.76,5.76,0,0,1,11.52,0,5.65,5.65,0,0,1-1.62,4A9.55,9.55,0,0,0,40.23,47.88ZM34.74,59.49a10,10,0,0,0-4.14,1.8h0a5.8,5.8,0,0,1-5.76-5.76,5.65,5.65,0,0,1,1.62-4,10,10,0,0,0,4.14-1.8h0a5.8,5.8,0,0,1,5.76,5.76A5.29,5.29,0,0,1,34.74,59.49ZM23.58,32l0.27,0.54a5.19,5.19,0,0,0-1.26.27C23,32.58,23.22,32.31,23.58,32Zm-5,3-0.27-.54a5.19,5.19,0,0,0,1.26-.27A6.56,6.56,0,0,0,18.54,35Zm0.72,7.92c0-.27-0.09-0.54-0.09-0.81a5.76,5.76,0,1,1,11.52,0,5.65,5.65,0,0,1-1.62,4,10,10,0,0,0-4.14,1.8h0a2.49,2.49,0,0,1-.81-0.09A10.2,10.2,0,0,0,19.26,42.93ZM47.88,23a5.76,5.76,0,1,1-5.76,5.76A5.8,5.8,0,0,1,47.88,23Zm-15.3,0a5.76,5.76,0,1,1-5.76,5.76A5.8,5.8,0,0,1,32.58,23Zm-15.3-3.78A5.8,5.8,0,0,1,23,24.93a5.72,5.72,0,0,1-5.76,5.67,5.8,5.8,0,0,1-5.76-5.76A5.67,5.67,0,0,1,17.28,19.17ZM3.87,38.25a5.8,5.8,0,0,1,5.76-5.76,5.72,5.72,0,0,1,5.67,5.76,5.65,5.65,0,0,1-1.62,4A10,10,0,0,0,9.54,44h0A5.67,5.67,0,0,1,3.87,38.25ZM9.54,51.66a5.65,5.65,0,0,1,1.62-4,10,10,0,0,0,4.14-1.8h0a2.49,2.49,0,0,1,.81.09A9.83,9.83,0,0,0,21,50.85c0,0.27.09,0.54,0.09,0.81a5.8,5.8,0,0,1-5.76,5.76A5.74,5.74,0,0,1,9.54,51.66Zm3.87,15.39a5.76,5.76,0,1,1,5.76,5.76A5.8,5.8,0,0,1,13.41,67.05ZM32.58,80.46a5.76,5.76,0,1,1-5.76-5.76,5.25,5.25,0,0,1,2.34.54,10.2,10.2,0,0,0,2.43,2A5.53,5.53,0,0,1,32.58,80.46Zm3.78-5.76A5.25,5.25,0,0,1,34,74.16a10.2,10.2,0,0,0-2.43-2,5.74,5.74,0,0,1-1-3.24,5.65,5.65,0,0,1,1.62-4,10,10,0,0,0,4.14-1.8h0a5.8,5.8,0,0,1,5.76,5.76A5.74,5.74,0,0,1,36.36,74.7ZM51.75,55.53a5.76,5.76,0,0,1-11.52,0,5.65,5.65,0,0,1,1.62-4A10,10,0,0,0,46,49.77h0a5.25,5.25,0,0,1,2.34.54,10.2,10.2,0,0,0,2.43,2A6.54,6.54,0,0,1,51.75,55.53Zm3.78-5.76a5.25,5.25,0,0,1-2.34-.54,10.2,10.2,0,0,0-2.43-2,5.74,5.74,0,0,1-1-3.24,5.76,5.76,0,0,1,11.52,0A5.74,5.74,0,0,1,55.53,49.77Z"></path>
        <polygon points="12.87 18.81 18.45 18.09 22.23 19.53 25.38 22.86 29.43 22.14 34.2 21.78 39.78 23.76 44.1 22.59 47.25 22.23 51.57 22.23 54.63 23.76 54.63 33.39 54.27 36.36 58.5 36.81 61.47 40.23 61.29 44.01 61.38 47.43 52.92 54.09 52.2 60.48 42.93 64.44 42.48 73.08 34.47 77.04 31.95 85.68 25.65 88.38 20.88 86.04 18.72 81.54 18.72 75.24 13.23 72.09 10.8 66.06 15.57 59.76 9.9 56.88 7.92 52.38 11.7 44.73 6.3 45.09 4.32 42.39 2.43 37.53 5.22 32.76 10.08 30.69 12.78 30.06 10.08 25.11 12.87 18.81"></polygon>
    </symbol>

    <symbol id="icon-grape_outline" viewBox="0 0 64.99 90">
        <path d="M55.53,34.47h0a9.81,9.81,0,0,0,1.89-5.76A9.53,9.53,0,0,0,40.23,23a9.46,9.46,0,0,0-7.65-3.87l1.89-.27C34.38,18.36,33,5.4,46.17,3.78L45.72,0C32.13,1.71,30,13.32,30.69,19.35a9.37,9.37,0,0,0-4.41,2.25A9.56,9.56,0,0,0,7.74,24.84a9.32,9.32,0,0,0,.81,3.87,9.61,9.61,0,0,0-1.8,18.72,9.44,9.44,0,0,0-1,4.23,9.57,9.57,0,0,0,6.3,9,9.39,9.39,0,0,0-2.43,6.39,9.56,9.56,0,0,0,8.46,9.54,9.32,9.32,0,0,0-.81,3.87,9.54,9.54,0,0,0,19.08,0,13.43,13.43,0,0,0-.18-1.89h0.18A9.54,9.54,0,0,0,45.9,69a9.32,9.32,0,0,0-.81-3.87H45.9a9.54,9.54,0,0,0,9.54-9.54,13.43,13.43,0,0,0-.18-1.89h0.18A9.54,9.54,0,0,0,65,44.19,9.4,9.4,0,0,0,55.53,34.47ZM40.23,47.88h0a5.74,5.74,0,0,1-5.76-5.76,5.76,5.76,0,0,1,11.52,0,5.65,5.65,0,0,1-1.62,4A9.55,9.55,0,0,0,40.23,47.88ZM34.74,59.49a10,10,0,0,0-4.14,1.8h0a5.8,5.8,0,0,1-5.76-5.76,5.65,5.65,0,0,1,1.62-4,10,10,0,0,0,4.14-1.8h0a5.8,5.8,0,0,1,5.76,5.76A5.29,5.29,0,0,1,34.74,59.49ZM23.58,32l0.27,0.54a5.19,5.19,0,0,0-1.26.27C23,32.58,23.22,32.31,23.58,32Zm-5,3-0.27-.54a5.19,5.19,0,0,0,1.26-.27A6.56,6.56,0,0,0,18.54,35Zm0.72,7.92c0-.27-0.09-0.54-0.09-0.81a5.76,5.76,0,1,1,11.52,0,5.65,5.65,0,0,1-1.62,4,10,10,0,0,0-4.14,1.8h0a2.49,2.49,0,0,1-.81-0.09A10.2,10.2,0,0,0,19.26,42.93ZM47.88,23a5.76,5.76,0,1,1-5.76,5.76A5.8,5.8,0,0,1,47.88,23Zm-15.3,0a5.76,5.76,0,1,1-5.76,5.76A5.8,5.8,0,0,1,32.58,23Zm-15.3-3.78A5.8,5.8,0,0,1,23,24.93a5.72,5.72,0,0,1-5.76,5.67,5.8,5.8,0,0,1-5.76-5.76A5.67,5.67,0,0,1,17.28,19.17ZM3.87,38.25a5.8,5.8,0,0,1,5.76-5.76,5.72,5.72,0,0,1,5.67,5.76,5.65,5.65,0,0,1-1.62,4A10,10,0,0,0,9.54,44h0A5.67,5.67,0,0,1,3.87,38.25ZM9.54,51.66a5.65,5.65,0,0,1,1.62-4,10,10,0,0,0,4.14-1.8h0a2.49,2.49,0,0,1,.81.09A9.83,9.83,0,0,0,21,50.85c0,0.27.09,0.54,0.09,0.81a5.8,5.8,0,0,1-5.76,5.76A5.74,5.74,0,0,1,9.54,51.66Zm3.87,15.39a5.76,5.76,0,1,1,5.76,5.76A5.8,5.8,0,0,1,13.41,67.05ZM32.58,80.46a5.76,5.76,0,1,1-5.76-5.76,5.25,5.25,0,0,1,2.34.54,10.2,10.2,0,0,0,2.43,2A5.53,5.53,0,0,1,32.58,80.46Zm3.78-5.76A5.25,5.25,0,0,1,34,74.16a10.2,10.2,0,0,0-2.43-2,5.74,5.74,0,0,1-1-3.24,5.65,5.65,0,0,1,1.62-4,10,10,0,0,0,4.14-1.8h0a5.8,5.8,0,0,1,5.76,5.76A5.74,5.74,0,0,1,36.36,74.7ZM51.75,55.53a5.76,5.76,0,0,1-11.52,0,5.65,5.65,0,0,1,1.62-4A10,10,0,0,0,46,49.77h0a5.25,5.25,0,0,1,2.34.54,10.2,10.2,0,0,0,2.43,2A6.54,6.54,0,0,1,51.75,55.53Zm3.78-5.76a5.25,5.25,0,0,1-2.34-.54,10.2,10.2,0,0,0-2.43-2,5.74,5.74,0,0,1-1-3.24,5.76,5.76,0,0,1,11.52,0A5.74,5.74,0,0,1,55.53,49.77Z"></path>
    </symbol>

    <symbol id="icon-hamburger" viewBox="0 0 80.99 59.91">
        <path d="M81,0H0V3.92H81V0Zm0,28H0v3.92H81V28Zm0,28H0v3.92H81V56Z"></path>
    </symbol>

    <symbol id="icon-heart" viewBox="0 0 104.81 90">
        <path d="M52.43,90l-3.72-2.93c-22.11-17-35.41-27.2-43-40.5-5.67-9.78-7-19.57-4.3-28A26.89,26.89,0,0,1,16,2.54,26.4,26.4,0,0,1,27.78,0c10,0,19.37,4.89,24.46,12.72A29.86,29.86,0,0,1,76.88,0,27.86,27.86,0,0,1,88.82,2.54a27.49,27.49,0,0,1,14.67,16c2.74,8.41,1.17,18.2-4.3,28-7.63,13.3-20.93,23.67-43,40.5ZM27.78,3.91A25.63,25.63,0,0,0,17.6,6.07,22.74,22.74,0,0,0,5.08,19.76c-2.35,7.43-1,16,4.11,24.85,7,12.72,20.15,22.89,41.87,39.52l1.37,1,1.17-1C75.32,67.5,88.43,57.33,95.67,44.61c5.09-8.8,6.46-17.41,4.11-24.85A22.74,22.74,0,0,0,87.25,6.07,26.58,26.58,0,0,0,76.88,3.91c-9.78,0-19,5.48-22.7,13.5l-1.76,3.91-1.76-3.91C46.75,9.39,37.56,3.91,27.78,3.91Z"></path>
    </symbol>

    <symbol id="icon-info" viewBox="0 0 90 90">
        <path d="M45,0A45,45,0,1,0,90,45,45.13,45.13,0,0,0,45,0Zm0,86.54A41.54,41.54,0,1,1,86.54,45,41.66,41.66,0,0,1,45,86.54Zm0-69.23a4.15,4.15,0,1,0,4.15,4.15A4,4,0,0,0,45,17.31Zm-3,19V72.69h6V36.35H42Z"></path>
    </symbol>

    <symbol id="icon-location" viewBox="0 0 73.91 90">
        <path d="M48.45,27.64A11.73,11.73,0,1,0,36.73,39.45,11.78,11.78,0,0,0,48.45,27.64Zm-20.18,0a8.46,8.46,0,1,1,8.45,8.55A8.52,8.52,0,0,1,28.27,27.64Zm8.45,53.18,1.18-1.45C39,78.09,64.09,48.09,64,28.45,64,12.82,51.73,0,36.73,0S9.45,12.82,9.45,28.55c0,19.64,24.91,49.64,26,50.82Zm0-77.55c13.18,0,24,11.36,24.09,25.27,0.09,16-19,40.91-24.09,47.27-5.09-6.36-24-31.18-24-47.27C12.73,14.55,23.55,3.27,36.73,3.27ZM65.91,59.45H56.27v3.18h6.45l6.36,24.18H4.82l6.45-24.09h4.82V59.55h-8L0,90H73.91Z"></path>
        <path d="M48.45,27.64A11.73,11.73,0,1,0,36.73,39.45,11.78,11.78,0,0,0,48.45,27.64Zm-20.18,0a8.46,8.46,0,1,1,8.45,8.55A8.52,8.52,0,0,1,28.27,27.64Zm8.45,53.18,1.18-1.45C39,78.09,64.09,48.09,64,28.45,64,12.82,51.73,0,36.73,0S9.45,12.82,9.45,28.55c0,19.64,24.91,49.64,26,50.82Zm0-77.55c13.18,0,24,11.36,24.09,25.27,0.09,16-19,40.91-24.09,47.27-5.09-6.36-24-31.18-24-47.27C12.73,14.55,23.55,3.27,36.73,3.27ZM65.91,59.45H56.27v3.18h6.45l6.36,24.18H4.82l6.45-24.09h4.82V59.55h-8L0,90H73.91Z"></path>
    </symbol>

    <symbol id="icon-letter" viewBox="0 0 77.46 57">
        <path d="M36.68,30l9.06-6.87,6,6,2-2-5.55-5.7L70.45,4.82l-.29,22.95h2.92V4.38A4.16,4.16,0,0,0,69,0H4.38A4.5,4.5,0,0,0,0,4.38v39.9c0,2.48,1.9,3.95,4.38,3.95H43.85V45.31H5.55L27.62,23.09ZM68,2.92,36.68,26.31,5.41,2.92ZM2.92,43.7V4.82L25.14,21.34Zm72.2-12L60.07,52.32l-10.52-12-2.19,2L60.36,57l17.1-23.68Z"></path>
    </symbol>

    <symbol id="icon-lock" viewBox="0 0 60 90">
        <path id="Fill-77" d="M55,43.33H51.67v-19c0-11.33-10-21-21.67-21S8.33,13,8.33,24.33v19H5v-19C5,11.17,16.5,0,30,0S55,11.17,55,24.33v19"></path>
        <path id="Fill-78" d="M30,90A30,30,0,1,1,60,60,30.09,30.09,0,0,1,30,90h0Zm0-56.67A26.67,26.67,0,1,0,56.67,60,26.75,26.75,0,0,0,30,33.33h0Z"></path>
        <path id="Fill-79" d="M30,71.67A11.67,11.67,0,1,1,41.67,60,11.59,11.59,0,0,1,30,71.67h0Zm0-20A8.33,8.33,0,1,0,38.33,60,8.25,8.25,0,0,0,30,51.67h0Z"></path>
    </symbol>

    <symbol id="icon-minus" viewBox="0 0 90 4.09">
        <path d="M90,0V4.09H0V0H90Z"></path>
    </symbol>

    <symbol id="icon-myaccount" viewBox="0 0 78.17 90">
        <path d="M50.83,53.33H26.17C11.33,53.33,0,68.67,0,87.33,0,88.5,0,90,1.5,90H76.67c1.5,0,1.5-1.5,1.5-2.67C78.33,68.67,65.67,53.33,50.83,53.33ZM3.33,86.67c0.17-16.67,10.33-30,23.33-30H50c13.17,0,24.83,13.17,25,30H3.33ZM38.17,47.5A23.75,23.75,0,1,0,14.33,23.67,23.76,23.76,0,0,0,38.17,47.5Zm0-44.17A20.45,20.45,0,0,1,58.5,23.83,18.46,18.46,0,0,1,58.17,27c-11.5-.83-14.5-8.67-14.5-9L42.5,14.67l-1.83,3C36.33,25,21.83,22.33,17.83,21.5A20.55,20.55,0,0,1,38.17,3.33ZM41.83,21.5c2,3,6.5,7.83,15.67,8.67a20.35,20.35,0,0,1-39.67-5.33C22.67,25.83,35.5,28,41.83,21.5Z"></path>
    </symbol>

    <symbol id="icon-percent" viewBox="0 0 97.09 90">
        <polygon points="71.84 0 76.02 1.94 25.24 90 20.97 87.77 71.84 0"></polygon>
        <path d="M19.32,0A19.32,19.32,0,1,0,38.64,19.32,19.31,19.31,0,0,0,19.32,0Zm0,33.88A14.51,14.51,0,1,1,33.79,19.32,14.52,14.52,0,0,1,19.32,33.88Z"></path>
        <path d="M77.77,51.36A19.32,19.32,0,1,0,97.09,70.68,19.31,19.31,0,0,0,77.77,51.36Zm0,33.79A14.47,14.47,0,1,1,92.23,70.68,14.5,14.5,0,0,1,77.77,85.15Z"></path>
    </symbol>

    <symbol id="icon-plus" viewBox="0 0 90 90">
        <polygon points="90 42.95 47.05 42.95 47.05 0 42.95 0 42.95 42.95 0 42.95 0 47.05 42.95 47.05 42.95 90 47.05 90 47.05 47.05 90 47.05 90 42.95"></polygon>
    </symbol>

    <symbol id="icon-question" viewBox="0 0 90 90">
        <path d="M45,0A45,45,0,1,0,90,45,45.13,45.13,0,0,0,45,0Zm0,86.54A41.54,41.54,0,1,1,86.54,45,41.66,41.66,0,0,1,45,86.54Zm8.31-61.79a13.26,13.26,0,0,0-9.52-3.81,15.25,15.25,0,0,0-5.71,1,13.54,13.54,0,0,0-4.5,2.94l3.12,3.29c0.52-.52,1-0.87,1.38-1.21l1.56-1a5.18,5.18,0,0,1,1.73-.69,8.43,8.43,0,0,1,2.08-.17,7.75,7.75,0,0,1,3.46.69,9.3,9.3,0,0,1,2.77,1.73,8.28,8.28,0,0,1,1.73,2.94,14.74,14.74,0,0,1,.69,4,10.08,10.08,0,0,1-.52,3.29,11,11,0,0,1-1.38,2.42,7.38,7.38,0,0,1-2.08,1.9,19.59,19.59,0,0,0-2.25,1.73,21.92,21.92,0,0,0-2.25,1.9,26.62,26.62,0,0,0-2.08,2.25,13,13,0,0,0-1.38,3.12,15.58,15.58,0,0,0-.52,4.33v2.08h4.67V54.35a10.21,10.21,0,0,1,.35-2.42A7,7,0,0,1,46.38,49,11.06,11.06,0,0,1,49,46.73c0.87-.69,1.9-1.38,2.77-2.08a18.36,18.36,0,0,0,2.6-2.6,16.37,16.37,0,0,0,1.9-3.46,15.09,15.09,0,0,0,.69-5.19,15,15,0,0,0-.87-4.85A21.55,21.55,0,0,0,53.31,24.75Zm-9,38.6c-0.35-.35-0.69-0.52-1-0.87a3.26,3.26,0,0,0-1.38-.35,4.07,4.07,0,0,0-1.38.35,4.59,4.59,0,0,0-1,.87,3.62,3.62,0,0,0-.69,1,3.37,3.37,0,0,0-.17,1.38,4.07,4.07,0,0,0,.35,1.38,2.21,2.21,0,0,0,.69,1,3.62,3.62,0,0,0,1,.69,2.08,2.08,0,0,0,1.38.35,2.5,2.5,0,0,0,1.21-.35,4.59,4.59,0,0,0,1-.87A3.62,3.62,0,0,0,45,67a3.37,3.37,0,0,0,.17-1.38A3,3,0,0,0,45,64.38,3.62,3.62,0,0,0,44.31,63.35Z"></path>
    </symbol>

    <symbol id="icon-rating" viewBox="0 0 91.81 90">
        <path d="M51.94,90s-4.89-6-16.47-8C24.26,79.43,10.68,68.46,7.2,53,3.16,37.8,10,21.87,18.67,14.43A38.5,38.5,0,0,1,35.21,5.24,42.53,42.53,0,0,0,19,14.72c-8.47,7.49-14.92,23.21-10.83,38C11.72,67.68,25,78.22,35.86,80.66a37.71,37.71,0,0,1,7,1.74c7.67,2.72,10.6,6.22,10.6,6.22ZM39.87,90s4.89-6,16.47-8c11.22-2.59,24.8-13.57,28.28-29,4-15.23-2.75-31.16-11.48-38.61A38.52,38.52,0,0,0,56.6,5.24a42.46,42.46,0,0,1,16.22,9.48c8.47,7.49,14.92,23.21,10.83,38-3.56,14.92-16.85,25.47-27.7,27.9a37.71,37.71,0,0,0-7,1.74c-7.67,2.72-10.6,6.22-10.6,6.22ZM32.13,72.54s3.14,1.08,4.19,3.59a10.57,10.57,0,0,1,.73,5.74s-3.14-1.64-4.2-3.34C31.4,76.14,32.13,72.54,32.13,72.54Zm-5.5,13.77s3.2.93,5.5-.48a10.56,10.56,0,0,0,4-4.22s-3.51-.53-5.36.23C28.15,82.87,26.64,86.32,26.64,86.32Zm.63-16.5S30.11,71.4,30.71,74a10.33,10.33,0,0,1-.26,5.68S27.68,77.56,27,75.73C25.91,73.18,27.27,69.81,27.27,69.81ZM19.6,82.15s2.9,1.48,5.38.52a10.33,10.33,0,0,0,4.59-3.44s-3.29-1.15-5.21-.7C21.63,79.15,19.6,82.15,19.6,82.15ZM22.87,66.3a7.36,7.36,0,0,1,2.59,4.59,10.15,10.15,0,0,1-1.23,5.44s-2.3-2.51-2.7-4.4C21,69.33,22.87,66.3,22.87,66.3Zm-9.5,10.62a7.35,7.35,0,0,0,5.11,1.37,10.16,10.16,0,0,0,5-2.5s-3-1.63-4.91-1.56C15.85,74.37,13.37,76.92,13.37,76.92Zm5.77-14.86a7.21,7.21,0,0,1,1.72,4.89,9.94,9.94,0,0,1-2.1,5,12.62,12.62,0,0,1-1.86-4.69C16.82,64.65,19.14,62.05,19.14,62.05Zm-11,8.62a7.21,7.21,0,0,0,4.68,2.23,9.93,9.93,0,0,0,5.23-1.5,12.62,12.62,0,0,0-4.48-2.3C11,68.64,8.17,70.67,8.17,70.67Zm8-13.44a7.06,7.06,0,0,1,.83,5,9.74,9.74,0,0,1-2.88,4.59,12.33,12.33,0,0,1-1-4.84C13.5,59.35,16.18,57.23,16.18,57.23ZM4.13,63.7a7.06,7.06,0,0,0,4.14,2.95A9.74,9.74,0,0,0,13.59,66a12.35,12.35,0,0,0-3.93-3C7.21,62.21,4.13,63.7,4.13,63.7ZM14.14,52a6.89,6.89,0,0,1,0,5,9.54,9.54,0,0,1-3.56,3.86A12.1,12.1,0,0,1,10.44,56C11.19,53.57,14.14,52,14.14,52ZM1.41,56.18a6.89,6.89,0,0,0,3.44,3.55,9.55,9.55,0,0,0,5.23.31,12.11,12.11,0,0,0-3.2-3.56C4.59,55.26,1.41,56.18,1.41,56.18ZM13,46.51a6.78,6.78,0,0,1-.9,4.8A9.35,9.35,0,0,1,8,54.42a11.83,11.83,0,0,1,.7-4.71C9.9,47.54,13,46.51,13,46.51ZM0,48.37a6.78,6.78,0,0,0,2.77,4,9.36,9.36,0,0,0,5,1.15,11.88,11.88,0,0,0-2.52-3.95C3.28,48,0,48.37,0,48.37Zm12.87-7.51a6.64,6.64,0,0,1-1.69,4.48,9.18,9.18,0,0,1-4.48,2.3,11.64,11.64,0,0,1,1.47-4.42C9.69,41.33,12.87,40.87,12.87,40.87ZM0,40.41a6.64,6.64,0,0,0,2,4.35,9.18,9.18,0,0,0,4.59,2,11.63,11.63,0,0,0-1.77-4.3C3.2,40.7,0,40.41,0,40.41Zm13.67-5.29a6.51,6.51,0,0,1-2.39,4,9,9,0,0,1-4.71,1.47,11.36,11.36,0,0,1,2.17-4C10.52,35,13.67,35.12,13.67,35.12ZM1.33,32.52a6.51,6.51,0,0,0,1.15,4.59A9,9,0,0,0,6.6,39.84a11.4,11.4,0,0,0-1-4.46C4.37,33.31,1.33,32.52,1.33,32.52Zm14.14-3a6.37,6.37,0,0,1-3,3.44,8.79,8.79,0,0,1-4.8.62,11.16,11.16,0,0,1,2.79-3.49A7.94,7.94,0,0,1,15.47,29.51ZM4,24.9a6.38,6.38,0,0,0,.37,4.59,8.81,8.81,0,0,0,3.51,3.32,11.17,11.17,0,0,0-.18-4.46A8,8,0,0,0,4,24.9Zm14.25-.56a6.24,6.24,0,0,1-3.44,2.86A8.62,8.62,0,0,1,10.08,27a10.93,10.93,0,0,1,3.28-2.9A7.78,7.78,0,0,1,18.26,24.34ZM8,17.9a6.25,6.25,0,0,0-.42,4.49,8.63,8.63,0,0,0,2.79,3.81,10.91,10.91,0,0,0,.59-4.35A7.79,7.79,0,0,0,8,17.9Zm14,1.76a6.13,6.13,0,0,1-3.84,2.17,8.46,8.46,0,0,1-4.53-1,10.74,10.74,0,0,1,3.66-2.2A7.63,7.63,0,0,1,21.93,19.66Zm-8.84-7.94A6.13,6.13,0,0,0,11.95,16,8.47,8.47,0,0,0,14,20.13a10.72,10.72,0,0,0,1.3-4.1A7.63,7.63,0,0,0,13.09,11.72Zm13.23,4.06a6,6,0,0,1-4.09,1.43A8.29,8.29,0,0,1,18,15.46,10.51,10.51,0,0,1,22,13.91,7.48,7.48,0,0,1,26.33,15.78Zm-7.2-9.16a6,6,0,0,0-1.86,3.95,8.29,8.29,0,0,0,1.31,4.36,10.49,10.49,0,0,0,2-3.73A7.48,7.48,0,0,0,19.13,6.62ZM31.3,12.73a5.89,5.89,0,0,1-4.18.69A8.13,8.13,0,0,1,23.37,11a10.33,10.33,0,0,1,4-.83A7.33,7.33,0,0,1,31.3,12.73Zm-5.38-10a5.89,5.89,0,0,0-2.46,3.44A8.13,8.13,0,0,0,24,10.57,10.33,10.33,0,0,0,26.49,7.3,7.33,7.33,0,0,0,25.91,2.69Zm10.72,7.88a5.74,5.74,0,0,1-4.15,0,7.94,7.94,0,0,1-3.21-3,10.11,10.11,0,0,1,4-.1A7.21,7.21,0,0,1,36.63,10.57ZM33.14,0a5.74,5.74,0,0,0-3,2.93,8,8,0,0,0-.26,4.36,10.07,10.07,0,0,0,3-2.72A7.2,7.2,0,0,0,33.14,0Zm.14,6a4.59,4.59,0,0,0,3.26.45,6.28,6.28,0,0,0,2.82-1.94,8,8,0,0,0-3.16-.56A5.74,5.74,0,0,0,33.28,6Zm26.4,66.56s-3.14,1.08-4.19,3.59a10.57,10.57,0,0,0-.73,5.74s3.14-1.64,4.2-3.34C60.42,76.14,59.68,72.54,59.68,72.54Zm5.5,13.77s-3.2.93-5.5-.48a10.57,10.57,0,0,1-4-4.22s3.51-.53,5.36.23C63.66,82.87,65.18,86.32,65.18,86.32Zm-.62-16.5S61.71,71.4,61.11,74a10.33,10.33,0,0,0,.26,5.68s2.75-2.11,3.44-3.94C65.9,73.18,64.56,69.81,64.56,69.81Zm7.65,12.34s-2.9,1.48-5.38.52a10.33,10.33,0,0,1-4.59-3.44s3.29-1.15,5.21-.7C70.18,79.15,72.21,82.15,72.21,82.15ZM68.94,66.3a7.35,7.35,0,0,0-2.59,4.59,10.15,10.15,0,0,0,1.23,5.44s2.3-2.51,2.7-4.4C70.82,69.33,68.94,66.3,68.94,66.3Zm9.5,10.62a7.35,7.35,0,0,1-5.11,1.37,10.15,10.15,0,0,1-5-2.5s3-1.63,4.91-1.56C76,74.37,78.44,76.92,78.44,76.92ZM72.67,62.05a7.2,7.2,0,0,0-1.72,4.89A9.93,9.93,0,0,0,73,72a12.62,12.62,0,0,0,1.86-4.69C75,64.65,72.67,62.05,72.67,62.05Zm11,8.62A7.21,7.21,0,0,1,79,72.9a9.94,9.94,0,0,1-5.23-1.5,12.62,12.62,0,0,1,4.48-2.3C80.82,68.64,83.64,70.67,83.64,70.67Zm-8-13.44a7.06,7.06,0,0,0-.83,5,9.74,9.74,0,0,0,2.88,4.59,12.33,12.33,0,0,0,1-4.84C78.32,59.35,75.63,57.23,75.63,57.23ZM87.68,63.7a7.06,7.06,0,0,1-4.14,2.95A9.74,9.74,0,0,1,78.22,66a12.35,12.35,0,0,1,3.93-3C84.62,62.21,87.68,63.7,87.68,63.7ZM77.67,52a6.89,6.89,0,0,0,0,5,9.54,9.54,0,0,0,3.56,3.86A12.1,12.1,0,0,0,81.37,56C80.62,53.57,77.67,52,77.67,52ZM90.4,56.18A6.89,6.89,0,0,1,87,59.72a9.55,9.55,0,0,1-5.23.31,12.1,12.1,0,0,1,3.2-3.56C87.22,55.26,90.4,56.18,90.4,56.18ZM78.8,46.51a6.78,6.78,0,0,0,.9,4.8,9.35,9.35,0,0,0,4.09,3.11,11.84,11.84,0,0,0-.7-4.71C81.91,47.54,78.8,46.51,78.8,46.51Zm13,1.86a6.78,6.78,0,0,1-2.78,4,9.36,9.36,0,0,1-5,1.15,11.87,11.87,0,0,1,2.54-3.95C88.53,48,91.81,48.37,91.81,48.37ZM78.95,40.87a6.65,6.65,0,0,0,1.69,4.48,9.18,9.18,0,0,0,4.48,2.3,11.59,11.59,0,0,0-1.47-4.42C82.13,41.33,78.95,40.87,78.95,40.87Zm12.87-.46a6.65,6.65,0,0,1-2,4.35,9.18,9.18,0,0,1-4.59,2A11.63,11.63,0,0,1,87,42.45C88.61,40.7,91.81,40.41,91.81,40.41ZM78.14,35.12a6.51,6.51,0,0,0,2.39,4,9,9,0,0,0,4.71,1.47,11.36,11.36,0,0,0-2.17-4C81.29,35,78.14,35.12,78.14,35.12Zm12.35-2.59a6.52,6.52,0,0,1-1.15,4.59,9,9,0,0,1-4.12,2.72,11.4,11.4,0,0,1,1-4.46C87.44,33.31,90.49,32.52,90.49,32.52Zm-14.15-3a6.38,6.38,0,0,0,3,3.44,8.79,8.79,0,0,0,4.8.62,11.16,11.16,0,0,0-2.79-3.49A7.94,7.94,0,0,0,76.34,29.51Zm11.47-4.6a6.38,6.38,0,0,1-.37,4.59,8.81,8.81,0,0,1-3.51,3.32,11.16,11.16,0,0,1,.18-4.46A8,8,0,0,1,87.81,24.9Zm-14.25-.56A6.24,6.24,0,0,0,77,27.2,8.62,8.62,0,0,0,81.74,27a11,11,0,0,0-3.28-2.9A7.78,7.78,0,0,0,73.55,24.34ZM83.85,17.9a6.25,6.25,0,0,1,.42,4.49,8.63,8.63,0,0,1-2.79,3.81,10.94,10.94,0,0,1-.59-4.35A7.79,7.79,0,0,1,83.85,17.9Zm-14,1.76a6.13,6.13,0,0,0,3.84,2.17,8.45,8.45,0,0,0,4.53-1,10.74,10.74,0,0,0-3.66-2.2A7.63,7.63,0,0,0,69.88,19.66Zm8.84-7.94A6.13,6.13,0,0,1,79.87,16a8.47,8.47,0,0,1-2.08,4.15,10.72,10.72,0,0,1-1.3-4.1A7.63,7.63,0,0,1,78.72,11.72ZM65.49,15.78a6,6,0,0,0,4.09,1.43,8.29,8.29,0,0,0,4.2-1.76,10.51,10.51,0,0,0-3.91-1.55A7.47,7.47,0,0,0,65.49,15.78Zm7.2-9.16a6,6,0,0,1,1.86,3.95,8.29,8.29,0,0,1-1.31,4.36,10.48,10.48,0,0,1-2-3.73A7.47,7.47,0,0,1,72.68,6.62ZM60.52,12.73a5.89,5.89,0,0,0,4.18.69A8.13,8.13,0,0,0,68.45,11a10.33,10.33,0,0,0-4-.83A7.33,7.33,0,0,0,60.52,12.73Zm5.38-10a5.9,5.9,0,0,1,2.46,3.44,8.13,8.13,0,0,1-.52,4.44A10.33,10.33,0,0,1,65.33,7.3,7.33,7.33,0,0,1,65.9,2.69ZM55.18,10.57a5.74,5.74,0,0,0,4.15,0,7.94,7.94,0,0,0,3.21-3,10.11,10.11,0,0,0-4-.1A7.2,7.2,0,0,0,55.18,10.57ZM58.67,0a5.74,5.74,0,0,1,3,2.93,8,8,0,0,1,.25,4.36,10.08,10.08,0,0,1-3-2.72A7.21,7.21,0,0,1,58.67,0Zm-.14,6a4.59,4.59,0,0,1-3.26.45,6.28,6.28,0,0,1-2.82-1.94,8,8,0,0,1,3.16-.56A5.74,5.74,0,0,1,58.53,6Z"></path>
    </symbol>

    <symbol id="icon-reload" viewBox="0 0 81.63 90">
        <path d="M78.07,52.53a37.35,37.35,0,1,1-38.93-41v8.58l24.07-9.21L39.14,0V7.74A40.85,40.85,0,0,0,0,48.77C0,71.37,18.42,90,40.81,90A41.15,41.15,0,0,0,81.63,52.53H78.07Z"></path>
    </symbol>

    <symbol id="icon-search" viewBox="0 0 88.24 90">
        <path d="M61.76,10.59a36.19,36.19,0,1,0,0,51.18A36.21,36.21,0,0,0,61.76,10.59ZM59.29,59.29a32.69,32.69,0,1,1,0-46.24A32.81,32.81,0,0,1,59.29,59.29Zm7.76,6-3.53,3.53L84.71,90l3.53-3.53Z"></path>
    </symbol>

    <symbol id="icon-temperature" viewBox="0 0 41.94 90">
        <path d="M32,52V10c0-3.42-.9-5.31-3.15-7.29A11.58,11.58,0,0,0,21.33,0C15.66,0,10.08,2.88,10.08,10V52C4,55.8,0,62,0,69.12a21,21,0,0,0,41.94,0C42,62,38,55.8,32,52ZM21,86A17.05,17.05,0,0,1,4,69c0-6.93,4.14-11.7,10-13.86V11a7,7,0,1,1,14,0V55.17C33.84,57.24,38,62.1,38,69A17,17,0,0,1,21,86ZM6,28a2,2,0,1,0-2-2A1.94,1.94,0,0,0,6,28ZM6,40.05a2,2,0,1,0-2-2A1.94,1.94,0,0,0,6,40.05Zm0-6a2,2,0,1,0-2-2A1.94,1.94,0,0,0,6,34ZM6,46a2,2,0,1,0-2-2A1.94,1.94,0,0,0,6,46ZM24,56.34V25a3,3,0,0,0-5.94,0V56.34A13,13,0,1,0,24,56.34ZM6,22a2,2,0,1,0-2-2A1.89,1.89,0,0,0,6,22Z"></path>
    </symbol>

    <symbol id="icon-trash" viewBox="0 0 80.18 90">
        <path d="M78.55,11.45H52.36V8.18A8.1,8.1,0,0,0,44.18,0H34.36a8.1,8.1,0,0,0-8.18,8.18v3.27H1.64A1.55,1.55,0,0,0,0,13.09a1.55,1.55,0,0,0,1.64,1.64H8.51l4.58,67.09A8.1,8.1,0,0,0,21.27,90H58.91a8.07,8.07,0,0,0,8.18-8l4.58-67.25h6.87a1.55,1.55,0,0,0,1.64-1.64A1.55,1.55,0,0,0,78.55,11.45ZM29.45,8.18a4.82,4.82,0,0,1,4.91-4.91h9.82a4.82,4.82,0,0,1,4.91,4.91v3.27H29.45ZM63.82,81.82a4.82,4.82,0,0,1-4.91,4.91H21.27a4.86,4.86,0,0,1-4.91-5.07L11.78,14.73H68.24ZM30.6,78.87h0a1.78,1.78,0,0,0,1.64-1.8L28,26.67a1.56,1.56,0,0,0-1.8-1.47A1.48,1.48,0,0,0,24.71,27L29,77.4A1.74,1.74,0,0,0,30.6,78.87Zm20.62,0h0A1.78,1.78,0,0,0,53,77.4l4.25-50.56A1.64,1.64,0,0,0,54,26.51l-4.25,50.4A1.69,1.69,0,0,0,51.22,78.87Zm-10.31-.33a1.55,1.55,0,0,0,1.64-1.64V26.18a1.64,1.64,0,0,0-3.27,0V76.91A1.55,1.55,0,0,0,40.91,78.55Z"></path>
    </symbol>

    <symbol id="icon-x" viewBox="0 0 90 90">
        <line x1="1.33" y1="1.33" x2="88.61" y2="88.61"></line>
        <line x1="88.61" y1="1.33" x2="1.33" y2="88.61"></line>
    </symbol>

    <symbol id="icon-zoom" viewBox="0 0 88.29 90">
        <path d="M37.88,11.68H34.64V34.1H13.93v3.24h20.8V59.75h3.15V37.34H60.38V34.1H37.88V11.68Z"></path>
        <path d="M61.82,10.6a36.22,36.22,0,1,0,0,51.22A36.24,36.24,0,0,0,61.82,10.6ZM59.39,59.3A32.72,32.72,0,0,1,13.12,13,32.72,32.72,0,0,1,59.39,59.3Zm7.74,5.94-3.51,3.51L84.78,90l3.51-3.51Z"></path>
    </symbol>

    <symbol id="icon-pdf" viewBox="-2.5109999999999992 0 54 54">
        <path d="M9,21.5H4.8v9.7h2v-3.5h2c1.1,0,1.9-0.2,2.4-0.7c0.6-0.5,0.9-1.3,0.9-2.4c0-1-0.3-1.8-0.9-2.3C10.7,21.8,9.9,21.5,9,21.5z     M9.7,25.7c-0.3,0.2-0.6,0.3-1.1,0.3H6.8v-2.9h1.8c0.5,0,0.8,0.1,1.1,0.3c0.3,0.2,0.4,0.6,0.4,1.1C10.1,25.1,10,25.5,9.7,25.7z     M21.1,23c-0.4-0.6-1-1-1.7-1.2c-0.4-0.1-0.9-0.2-1.5-0.2h-4.2v9.7h4.2c1.5,0,2.6-0.6,3.3-1.8c0.5-0.9,0.8-2,0.8-3.3    c0-0.5-0.1-1-0.2-1.6C21.7,24,21.4,23.5,21.1,23z M19.6,28.1c-0.4,0.9-1,1.4-2,1.4h-1.9v-6.3h1.9c0.9,0,1.5,0.3,1.9,0.8    c0.3,0.5,0.5,1.3,0.5,2.3C19.9,27,19.8,27.6,19.6,28.1z M29.8,25.5h-4.3v-2.2h4.9v-1.7h-6.9v9.7h2v-4.1h4.3V25.5z M33.6,0H14    c-2.8,0-5,2.2-5,5v11H5c-2.8,0-5,2.2-5,5v11c0,2.8,2.2,5,5,5h4v12c0,2.8,2.2,5,5,5h30c2.8,0,5-2.2,5-5V15.4L33.6,0z M34,3.2    L45.8,15H37c-1.7,0-3-1.3-3-3V3.2z M5,35c-1.7,0-3-1.3-3-3V21c0-1.7,1.3-3,3-3h24c1.7,0,3,1.3,3,3v11c0,1.7-1.3,3-3,3H5z M47,49    c0,1.7-1.3,3-3,3H14c-1.7,0-3-1.3-3-3V37h18c2.8,0,5-2.2,5-5V21c0-2.8-2.2-5-5-5H11V5c0-1.7,1.3-3,3-3h18v10c0,2.8,2.2,5,5,5h10    V49z"></path>
    </symbol>

    <symbol id="icon-freeshipping" viewBox="0 0 100 100">
        <path d="M4.58,68.9H66.67V24.45a4.58,4.58,0,0,0-4.57-4.58h-.68V23.8h.68a.65.65,0,0,1,.65.65V65H4.58a.65.65,0,0,1-.65-.65V34.15H0V64.32A4.58,4.58,0,0,0,4.58,68.9Z"></path>
        <path d="M62.75,66.94V33.6a2,2,0,0,1,2-2H80.39a2,2,0,0,1,1.46.65L99.5,51.9a2,2,0,0,1,.5,1.31V66.94a2,2,0,0,1-2,2H64.71A2,2,0,0,1,62.75,66.94ZM96.08,54,79.52,35.56H66.67V65H96.08Z"></path>
        <circle cx="80.39" cy="74.78" r="3.92"></circle>
        <circle cx="15.69" cy="74.78" r="3.92"></circle>
        <rect x="65" y="42.52" width="23" height="3"></rect>
        <path d="M66.67,74.86a13.22,13.22,0,0,1,3.52-9l.58-.38H90l.58.38a13.14,13.14,0,0,1,3.52,8.93,13.73,13.73,0,0,1-27.45,0Zm5.9-5.34a9.81,9.81,0,1,0,15.66,0Z"></path>
        <path d="M2,74.86a13.22,13.22,0,0,1,3.52-9l.58-.38H25.31l.58.38a13.14,13.14,0,0,1,3.52,8.93A13.73,13.73,0,0,1,2,74.86Zm5.9-5.34a9.44,9.44,0,0,0,7.83,15.22,9.44,9.44,0,0,0,7.83-15.22Z"></path>
        <path d="M0,11.79H12.13v3.57H4v5.06h7.49V24H4v8.28H0Z"></path>
        <path d="M14.85,12q.67-.12,1.45-.22t1.55-.16l1.51-.09,1.35,0a15.17,15.17,0,0,1,2.82.26,7.73,7.73,0,0,1,2.49.91,4.85,4.85,0,0,1,1.75,1.77,5.52,5.52,0,0,1,.66,2.82,6.7,6.7,0,0,1-1.17,4.09,6,6,0,0,1-3.13,2.19l1.43.91,4.68,7.81H25.62l-4.65-8-2.11-.38v8.39h-4ZM21,15.06c-.41,0-.82,0-1.21,0a4.55,4.55,0,0,0-.92.12v5.94h1.7a4.27,4.27,0,0,0,2.66-.76,3,3,0,0,0,1-2.51,2.65,2.65,0,0,0-.82-2.06A3.45,3.45,0,0,0,21,15.06Z"></path>
        <path d="M32.46,11.79H44.59v3.57H36.46v4.77h7.4v3.57h-7.4v5h8.28v3.57H32.46Z"></path>
        <path d="M47.72,11.79H59.85v3.57H51.72v4.77h7.4v3.57h-7.4v5H60v3.57H47.72Z"></path>
    </symbol>

    <symbol id="icon-addressBook" viewBox="-5.1145 0 53 53">
        <path d="M40,0H7C5.3,0,4,1.3,4,3v3H1C0.4,6,0,6.4,0,7s0.4,1,1,1h3v3H1c-0.6,0-1,0.4-1,1c0,0.6,0.4,1,1,1h3v3H1c-0.6,0-1,0.4-1,1    s0.4,1,1,1h3v3H1c-0.6,0-1,0.4-1,1c0,0.6,0.4,1,1,1h3v3H1c-0.6,0-1,0.4-1,1s0.4,1,1,1h3v3H1c-0.6,0-1,0.4-1,1c0,0.6,0.4,1,1,1h3v3    H1c-0.6,0-1,0.4-1,1c0,0.6,0.4,1,1,1h3v3H1c-0.6,0-1,0.4-1,1c0,0.6,0.4,1,1,1h3v3H1c-0.6,0-1,0.4-1,1c0,0.6,0.4,1,1,1h3v2    c0,1.7,1.3,3,3,3h33c1.7,0,3-1.3,3-3V3C43,1.3,41.7,0,40,0z M6,50v-2h3c0.6,0,1-0.4,1-1c0-0.6-0.4-1-1-1H6v-3h3c0.6,0,1-0.4,1-1    c0-0.6-0.4-1-1-1H6v-3h3c0.6,0,1-0.4,1-1c0-0.6-0.4-1-1-1H6v-3h3c0.6,0,1-0.4,1-1c0-0.6-0.4-1-1-1H6v-3h3c0.6,0,1-0.4,1-1    s-0.4-1-1-1H6v-3h3c0.6,0,1-0.4,1-1c0-0.6-0.4-1-1-1H6v-3h3c0.6,0,1-0.4,1-1s-0.4-1-1-1H6v-3h3c0.6,0,1-0.4,1-1c0-0.6-0.4-1-1-1H6    V8h3c0.6,0,1-0.4,1-1S9.6,6,9,6H6V3c0-0.6,0.4-1,1-1h28v49H7C6.4,51,6,50.6,6,50z M41,50c0,0.6-0.4,1-1,1h-3V2h3c0.6,0,1,0.4,1,1    V50z"></path>
    </symbol>

    <symbol id="icon-data" viewBox="-3.5100000000000016 0 54 54">
        <path d="M30.5,32H15.7C6.8,32,0,41.2,0,52.4C0,53.1,0,54,0.9,54h45.1c0.9,0,0.9-0.9,0.9-1.6C47,41.2,39.4,32,30.5,32z M2,52    C2.1,42,8.2,34,16,34h14c7.9,0,14.9,7.9,15,18H2z M22.9,28.5c7.8,0,14.2-6.4,14.2-14.2C37.1,6.4,30.7,0,22.9,0S8.6,6.4,8.6,14.2    C8.6,22.1,15,28.5,22.9,28.5z M22.9,2c6.7,0,12.2,5.5,12.2,12.3c0,0.7-0.1,1.3-0.2,1.9c-6.9-0.5-8.7-5.2-8.7-5.4l-0.7-2l-1.1,1.8    c-2.6,4.4-11.3,2.8-13.7,2.3C11.4,6.8,16.6,2,22.9,2z M25.1,12.9c1.2,1.8,3.9,4.7,9.4,5.2c-1.6,4.9-6.2,8.4-11.6,8.4    c-6.5,0-11.9-5.2-12.2-11.6C13.6,15.5,21.3,16.8,25.1,12.9z"></path>
    </symbol>

    <symbol id="icon-paper-cart" viewBox="0 -7.5051546391752595 48 48">
        <path d="M44,0H4C1.8,0,0,1.8,0,4v25c0,2.2,1.8,4,4,4h40c2.2,0,4-1.8,4-4V4C48,1.8,46.2,0,44,0z M46,29c0,1.1-0.9,2-2,2H4    c-1.1,0-2-0.9-2-2V12h44V29z M46,10H2V4c0-1.1,0.9-2,2-2h40c1.1,0,2,0.9,2,2V10z M29,16H7v2h22V16z M41,16h-8v2h8V16z M22,21H7v2    h15V21z"></path>
    </symbol>

    <symbol id="icon-list" viewBox="0 -0.5 51 51">
        <path d="M0,0v50h51V0H0z M49,48H2V2h47V48z M7.7,42l2.6-1.4l2.6,1.4l-0.5-2.9l2.1-2l-2.9-0.4L10.3,34L9,36.6l-2.9,0.4l2.1,2    L7.7,42z M18,40h25c0.6,0,1-0.4,1-1c0-0.6-0.4-1-1-1H18c-0.6,0-1,0.4-1,1C17,39.6,17.4,40,18,40z M7.7,29l2.6-1.4l2.6,1.4    l-0.5-2.9l2.1-2l-2.9-0.4L10.3,21L9,23.6l-2.9,0.4l2.1,2L7.7,29z M18,27h25c0.6,0,1-0.4,1-1c0-0.6-0.4-1-1-1H18c-0.6,0-1,0.4-1,1    C17,26.6,17.4,27,18,27z M7.7,16l2.6-1.4l2.6,1.4l-0.5-2.9l2.1-2l-2.9-0.4L10.3,8L9,10.6l-2.9,0.4l2.1,2L7.7,16z M18,14h25    c0.6,0,1-0.4,1-1c0-0.6-0.4-1-1-1H18c-0.6,0-1,0.4-1,1C17,13.6,17.4,14,18,14z"></path>
    </symbol>

    <symbol id="icon-newsletter" viewBox="0 -7.000367917586459 53 53">
        <path d="M25.1,20.5l6.2-4.7l4.1,4.1l1.4-1.4L33,14.6L48.2,3.3L48,19h2V3c0-1.7-1.2-3-2.8-3H3C1.4,0,0,1.4,0,3v27.3    C0,32,1.3,33,3,33h27v-2H3.8l15.1-15.2L25.1,20.5z M46.5,2L25.1,18L3.7,2H46.5z M2,29.9V3.3l15.2,11.3L2,29.9z M51.4,21.7    L41.1,35.8l-7.2-8.2L32.4,29l8.9,10L53,22.8L51.4,21.7z"></path>
    </symbol>

    <symbol id="icon-payment" viewBox="0 -0.5127576054955831 55 55">
        <path d="M52.1,20h-3.6l3.2-3.2L36.1,1.2l-2.7,2.7L27.1,0L14.8,20H2.9C1.3,20,0,21.3,0,22.9v28.2C0,52.7,1.3,54,2.9,54h49.2    c1.6,0,2.9-1.3,2.9-2.9V22.9C55,21.3,53.7,20,52.1,20z M36.1,4.1l12.7,12.7L45.7,20H20.2L36.1,4.1z M27.8,2.8l4.1,2.6L17.3,20    h-0.1L27.8,2.8z M53,40H38c-0.6,0-1-0.4-1-1v-6c0-0.6,0.4-1,1-1h15V40z M53,30H38c-1.7,0-3,1.3-3,3v6c0,1.7,1.3,3,3,3h15v9.1    c0,0.5-0.4,0.9-0.9,0.9H2.9C2.4,52,2,51.6,2,51.1V22.9C2,22.4,2.4,22,2.9,22h49.2c0.5,0,0.9,0.4,0.9,0.9V30z M39.8,37.6    c1.9,0,1.9-3,0-3S37.9,37.6,39.8,37.6z"></path>
    </symbol>

    <symbol id="icon-bottles" viewBox="0 0 32 32">
        <path d="M31.12,11.39a11.73,11.73,0,0,0-2.5-2,.68.68,0,0,1-.29-.56V5.2a1.05,1.05,0,0,0,1-1.07V3.07a1.05,1.05,0,0,0-1-1.07H24.21a1.05,1.05,0,0,0-1,1.07V4.13a1.05,1.05,0,0,0,1,1.07V8.82a.68.68,0,0,1-.28.55,13.75,13.75,0,0,0-2.36,2.09,3.48,3.48,0,0,0-.8-2.07,12.24,12.24,0,0,0-2.5-2,.69.69,0,0,1-.3-.56V3.2a1.05,1.05,0,0,0,1-1.07V1.07A1.05,1.05,0,0,0,18,0H13.85a1.05,1.05,0,0,0-1,1.07V2.13a1.05,1.05,0,0,0,1,1.07V6.82a.66.66,0,0,1-.28.55A13.48,13.48,0,0,0,11,9.68a4.21,4.21,0,0,0-.68,1.58A12.34,12.34,0,0,0,8,9.35a.69.69,0,0,1-.3-.56V5.2a1.05,1.05,0,0,0,1-1.07V3.07A1.05,1.05,0,0,0,7.66,2H3.54a1.05,1.05,0,0,0-1,1.07V4.13a1.05,1.05,0,0,0,1,1.07V8.82a.66.66,0,0,1-.28.55A13.48,13.48,0,0,0,.7,11.68a4.2,4.2,0,0,0-.77,2.25V30a2,2,0,0,0,1.94,2H9.33a1.92,1.92,0,0,0,1.43-.66,1.9,1.9,0,0,0,1.42.66h7.46a1.9,1.9,0,0,0,1.45-.69,1.89,1.89,0,0,0,1.45.69H30a2,2,0,0,0,1.93-2V13.63A3.43,3.43,0,0,0,31.12,11.39ZM21.63,18H30.9v6.4H21.63ZM10.24,24.4H1V18h9.28Zm1-8.4h9.27v6.4H11.28Zm.53-5.64a12,12,0,0,1,2.34-2.11,1.74,1.74,0,0,0,.73-1.43V3.2a1.05,1.05,0,0,0-1-1.07V1.07H18V2.13a1.06,1.06,0,0,0-1,1.07V6.79a1.72,1.72,0,0,0,.79,1.46A11.09,11.09,0,0,1,20,10.1a2.34,2.34,0,0,1,.56,1.53v3.3H11.28v-3A3.1,3.1,0,0,1,11.81,10.36ZM1,13.93a3.11,3.11,0,0,1,.54-1.57,12,12,0,0,1,2.34-2.11,1.74,1.74,0,0,0,.73-1.43V5.2a1.05,1.05,0,0,0-1-1.07V3.07H7.66V4.13a1.05,1.05,0,0,0-1,1.07V8.79a1.7,1.7,0,0,0,.79,1.46A11.09,11.09,0,0,1,9.68,12.1a2.34,2.34,0,0,1,.56,1.53v3.3H1Zm8.37,17H1.87A.92.92,0,0,1,1,30V25.47h9.28V30A.92.92,0,0,1,9.33,30.93Zm10.31,0H12.18a.92.92,0,0,1-.9-.93V23.47h9.27V30A.92.92,0,0,1,19.64,30.93ZM30.9,30a.92.92,0,0,1-.9.93H22.54a.92.92,0,0,1-.91-.93V25.47H30.9ZM21.63,16.93v-3a3,3,0,0,1,.54-1.57,12,12,0,0,1,2.34-2.11,1.77,1.77,0,0,0,.73-1.43V5.2a1.06,1.06,0,0,0-1-1.07V3.07h4.12V4.13a1.05,1.05,0,0,0-1,1.07V8.79a1.71,1.71,0,0,0,.78,1.46,10.86,10.86,0,0,1,2.27,1.85,2.33,2.33,0,0,1,.55,1.53v3.3Z"></path>
    </symbol>

    <symbol id="icon-magnifying-glass" viewBox="-0.5100000000000016 0 51 51">
        <path class="st0" d="M35,6C27-2,14-2,6,6c-8,8-8,21,0,29c8,8,21,8,29,0C43,27,43,14,35,6z M33.6,33.6c-7.2,7.2-18.9,7.2-26.2,0    c-7.2-7.2-7.2-18.9,0-26.2c7.2-7.2,18.9-7.2,26.2,0C40.8,14.6,40.8,26.4,33.6,33.6z M38,37l-2,2l12,12l2-2L38,37z"></path>
    </symbol>

    <symbol id="icon-shipping" viewBox="0 -3.4999999999999964 57 57">
        <path d="M48.5,0H9.7L0,10.3V17h3v33h52V17h2v-6.6L48.5,0z M53,48H5V17h48V48z M55,15H3H2v-3.9L10.6,2h37l7.4,9.1V15z M15,31h28    c1.7,0,3-1.3,3-3v-2c0-1.7-1.3-3-3-3H15c-1.7,0-3,1.3-3,3v2C12,29.7,13.3,31,15,31z M14,26c0-0.6,0.4-1,1-1h28c0.6,0,1,0.4,1,1v2    c0,0.6-0.4,1-1,1H15c-0.6,0-1-0.4-1-1V26z"></path>
    </symbol>

    <symbol id="icon-checkmark" viewBox="0 0 32 32">
        <path d="M27 4l-15 15-7-7-5 5 12 12 20-20z"></path>
    </symbol>

    <symbol id="icon-safty-purchase" viewBox="-7.497 0 49 49">
        <path d="M17.5,14C7.8,14,0,21.9,0,31.5C0,41.1,7.8,49,17.5,49s17.5-7.8,17.5-17.5C34.9,21.9,27.1,14,17.5,14z M17.5,47    C8.9,47,2,40,2,31.5C2,23,8.9,16,17.5,16S32.9,23,32.9,31.5C32.9,40,26,47,17.5,47z M10.5,13c0.6,0,1-0.4,1-1V6.6    c0-2.7,1.9-4.6,4.6-4.6h2.8c2.7,0,4.7,2,4.7,4.6V12c0,0.6,0.4,1,1,1s1-0.4,1-1V6.6c0-3.8-2.9-6.6-6.7-6.6h-2.8    c-3.7,0-6.6,2.8-6.6,6.6V12C9.5,12.6,10,13,10.5,13z M17.5,27c-0.6,0-1,0.4-1,1v7c0,0.6,0.4,1,1,1s1-0.4,1-1v-7    C18.5,27.4,18.1,27,17.5,27z"></path>
    </symbol>

    <symbol id="icon-delivery" viewBox="-1.5039999999999978 0 47 47">
        <path d="M44.3,33.9l-21.9,5.2c-0.6-3.5-3.7-6.3-7.4-6.3c-0.2,0-0.5,0-0.7,0L8.4,4.2L1,0L0,1.7l6.6,3.8l5.8,27.8    c-2.8,1.1-4.9,3.8-4.9,7c0,4.1,3.4,7.5,7.5,7.5c3.9,0,7.1-2.9,7.5-6.7l22.3-5.3L44.3,33.9z M15,45.9c-3,0-5.5-2.5-5.5-5.5    c0-3,2.5-5.5,5.5-5.5s5.5,2.5,5.5,5.5C20.5,43.4,18,45.9,15,45.9z M16.3,17.4L20.1,33l20.4-5l-3.8-15.5l-7.8,1.9L26,2.7L13.4,5.8    L16.3,17.4L16.3,17.4z M35.2,14.8l2.9,11.7l-16.5,4.1l-2.9-11.7l1.8-0.4L35.2,14.8z M15.8,7.2l8.7-2.1l2.4,9.7L18.2,17L15.8,7.2z"></path>
    </symbol>

</svg>
<svg xmlns="http://www.w3.org/2000/svg" style="display: none;">
    <symbol id="map-AR" viewBox="0 0 47.49 90">
        <path d="M18.42,86.39c-1.16-.09-3.58-2.24-4.29-2.86s-0.18-1.16-1.07-1-0.27-.72.18-0.89-0.18-1.07-.72-1.16c-0.09,1.25-.36,7.06,0,7.15s2.86-.27,3.67.18a0.81,0.81,0,0,0,1,0c0.45-.54,1.88-0.27,2.68-0.72S19.58,86.48,18.42,86.39ZM45.07,10.57a6,6,0,0,0-1.43-.09v0.18c0.09,0.89-.45,3.22-1.07,3.22s-1.16,1-1.7.8S39.61,15.49,39,15s-1.52.09-2.06-.18-2.06-.09-2.06-0.45,0.72-.27.72-1.43,2-2.5,1.7-3S33.71,8.6,33.26,8a3.13,3.13,0,0,0-2.41-1.25c-1.34-.09-1.25-0.8-2.41-1.52a12.27,12.27,0,0,1-3-3c-0.8-.09-1.88-0.27-2.15,0S22.45,4.31,22,3.42s-1.52-.89-2.5-1-0.89-1-1.88.09A11.64,11.64,0,0,1,16,3.86a9,9,0,0,1-.45,2.5c-0.27.45-2.41,1.43-2.5,2S13.33,9.59,13,9.86s0.89,2,.18,2.32,0.54,1.07.09,1.43-1.34.63-1.34,1.07-0.09,1.52-.63,1.79a2.26,2.26,0,0,0-1,2c0,0.72-.89.27-0.63,1.16s0.72,2.06,0,2.24-0.54,1.7-.89,1.7-0.63,1.52,0,2.32A3.1,3.1,0,0,1,9.48,28c0,0.72.8,1.07,0.54,1.88s-0.09,1.52-.63,1.79S9.3,33,8.77,33.19s0.45,2.32,0,2.77-1.61.72-1.61,2.15,0.18,2.24.09,2.86,0.63,0.36.54,1.25-1.25.45-1.25,1,0.27,1.52-.09,1.61-0.63.45-.63,1.34-0.54,1.07-.63,1.52,0.45,1,.45,1.52S6,51.43,5.55,51.52s-0.72,2.06-.36,2.24a1,1,0,0,1,.18,1.16c-0.18.36,0.89,0.8,0.36,1.34s-0.09,1.34.63,1.07c0.63-.09,1.07,1.07.36,1.07s-1.43,0-.8.45S7,60,6.17,60.28s-0.09.89-.36,1.7,0.63,1.52-.09,1.7S6,65,5.1,65.2s-0.36,1-.89,1.43,0.8,1.25.09,1.7-0.18,1.52-.89,1.52-1.07,1-1.16,1.43a2.12,2.12,0,0,0,.09,2.06C3,74,2.24,74.5,2.69,74.77s2.24-.27,2,0.54-0.18,2.5.09,2.5,0.54,1,1.07.89a13.37,13.37,0,0,1,3.84-.09,2.57,2.57,0,0,1,1.16.72c0.54-.27,1.79.54,2.06,0.27S11.72,78,11.72,77.54a10.08,10.08,0,0,0-.27-1.61c0-.45-0.27-1.52.45-2.06s0.72-1,1.16-.89a1.35,1.35,0,0,0,1.34-1.52A3,3,0,0,1,15.92,69c1.07-.89,2.77-1.7,2.5-2.15s0.36-1.61.36-2.15-1.61-.36-2.15-0.54-2.41-1.52-1.52-3.31a4.45,4.45,0,0,1,3.58-2.06c0.54-.09.09-0.89,0.54-1.16a1.6,1.6,0,0,0,.54-1.52c0-.8,0-2.15.89-2.24s1.07-.54.54-0.72-0.8-.8.09-0.89S21.82,53,22.45,53s1.7-1.07.89-1.7-1.07.27-1.52,0.36-0.8-.54-1.16-0.54S20.48,50,20.3,49.55a2.72,2.72,0,0,1-.09-2.06c0.36-.54,2.06.8,3.49,0.89s2.5-.72,2.5-1.25-0.72-1.52.18-2.06,0.18-.8-0.09-1.52,0.36-1.25.8-.89,3.22,0.18,5.54-.36,4-1.34,4.11-2.06,1.61-2.24,2-2.86A0.94,0.94,0,0,0,37.82,36c-1-.18-0.89-1.25-0.36-1.88s-0.27-1.16-1.16-1.34S34,32,34.78,31.22a0.51,0.51,0,0,1,.8-0.09,1.27,1.27,0,0,0,.18-0.89c-0.18-.18-0.72.09-0.63-1.34s0.54-1.07.63-2.86,0.72-2.77.72-3.67,1.7-2,2.59-3.49A16,16,0,0,1,42.83,15c0.8-.54,2.41-1,2.59-1.43C45.6,13.34,45.42,10.75,45.07,10.57Z"></path>
    </symbol>

    <symbol id="map-AU" viewBox="0 0 100.71 90">
        <path d="M98.53,45.16c0.4-.3-0.2-2-0.6-1.71s-0.4-2.62-.1-3.93,0.1-1.11-.6-0.5-1.41-1.31-1.61-1.81-0.91-2-1.81-1.81-0.3-1.21-1.11-1.11-1-1.21-.81-2.42-0.6-.3-0.91-0.81-0.81-.1-1.41.1-0.71-1.11-.6-1.61-0.1-1.11-.91-1.71a1.68,1.68,0,0,1-.81-1.71c0.1-.71-4.43-3-5.44-3.22s-0.2-1.31-.6-1.61a5.26,5.26,0,0,1-.6-2.92c0-1.21-1.51-1.51-1.41-2.42s-0.4-1.81-.3-2.92-1.51-1.31-1.61-1.91-0.91-.1-1.81.1-0.81-1.11-.71-2.32-0.4-3.22-1.11-3.83-0.81-2.62-1.11-3-1.61,1-1.51,1.71a2.13,2.13,0,0,1-.6,1.91c-0.5.4,0.3,2-.3,2.62s-0.1,2.92-.2,4.23-0.1,2.72-.71,3.63-0.71,2.32-2,2.82-2.92-.5-2.92-1.21-1.41-1.11-2.12-1-1.11-.91-2.32-1.81-2,.2-2.42-0.81a3.17,3.17,0,0,0-1.61-1.81c-0.81-.6-0.6-0.6.2-1.11a1.35,1.35,0,0,0,.2-2c-0.4-.71.5-0.5,1.51-1.11s0-1.31.81-1.61,0.3-1-.5-1.11-0.6.81-.91,0.91S56.51,5,56.21,5s-1.31,1.41-1.81.71S51,4.36,49.76,4.26s-1.51-1.61-2.22-1.41,0.1,0.71.91,1.61-2.62,1.41-3.63,1.11,0.2,0.71-.71.71-1,1.41-1.71,2.12-0.2,1.31-.91,1.71-0.81,1,.1,2-0.4,1-1.21.3-1.61-.81-1.51.1S38,13,38.08,12s-1.11-.5-1.31-1.11a2.84,2.84,0,0,0-2-1.51C34,9.5,34,10.2,33.34,10.2s-0.81.4-.71,1.11-1-.1-1.81.1,0,1-.4,1-0.4.81-1.11,0.81-0.6,1.51-.5,2.32-1-.4-1.71-0.2,0.2,0.91.4,1.81-0.4.81-.71,1.21-0.91-1-.91-1.81-0.91-.1-1.81.91,0.3,2.52-.1,2.82a31.64,31.64,0,0,0-3.43,3.32c-1.11,1.31-3.43.5-4.23,1.11s-1.51.2-2.22,0.71-2.12,1.71-2.22,1-2-.2-2.82.71a5,5,0,0,1-2.92,1.61c-0.91.1-.91,1.41-1.31,1.71s-0.3-1.11-.3-1.51-0.81.6-1.21,1.71,0.91,1.51.1,2.72S2,35.79,3.12,37.31s1.71,2.42,1.41,3.12C4,41.23,3.32,39,3,39.22s1,1.21.71,1.71S2.31,39.12,2,39.62s2.32,4,2.42,5.34,2.12,2.62,2,4.43c-0.1,2,1.81,5,2.12,5.44S7.85,56.55,8.06,58s-0.5,1.91-1.41,1.91-0.4,1.51.6,1.61S7.85,62.29,9,63s3.73,0.5,4.63.5,1.11-1.41,2.32-1.41S17,61.69,17.63,61s3.32-.5,6-0.4,4-.71,4.43-1.81,2.32-1,3.12-1.81,1.51-.81,3.53-0.71,3.93-1,5.24-1.51,3.73-.3,4.94-0.6,1.51,1.61,2.92,1.41,2,0.4,2.82.4,0.6,0.5,1.41.71,0.6,0.81.2,1.51,1.11,0.6,2.12,2,0.1,1.61.6,2.62,0.91,0.81,1.91-.71,2.22-.5,2.32-1.81,1.21-2.72,2-2.12-0.5.91-1,3.32-1.31,1.11-1.51,1.81,2.22,1,2.22-.2,0.4-1.81,1.31-.71S61.75,64.51,62,65s1.21-.2,1.71-0.1c0.91,0.1,2.22,2.12,2,3.22s-0.5,2.12,1.31,3,1.11,1,2.42,1a9.87,9.87,0,0,1,4.74,1.71c0.71,0.6,2.62-.5,3-1.71s1.71-.1,1,0.4,0.4,1.41.4,0.71,0.4-1.31.6-.5,1.21,0.81,1.61,1.41,0.81,1.11.81,0.6a1.32,1.32,0,0,1,1-1.31,7.71,7.71,0,0,0,2.22-1.61c0.91-.71,4.53-0.91,4.94-0.91s0.6-3.12.81-4.74,1.61-1.91,1.81-3.63,2-4.94,2.52-5.14a1.84,1.84,0,0,0,1.41-1.61c0.1-1,1.31-2.12,1.31-3.32s0.71-2.62.6-3a2.26,2.26,0,0,1,.3-2.32C99.13,46.47,98,45.47,98.53,45.16ZM45.94,4.06c-0.1-.6-3.83.1-3,0.71C43.42,5.17,46,4.66,45.94,4.06ZM57.72,66.12c0.6,0.5,2.52.4,2.82-.4C60.85,65.11,57.22,65.72,57.72,66.12ZM81.4,80.73c-1.41.2-3.53-1.31-4-1.11s1.81,3.83,1.11,4.74S80.59,87.88,81.6,88s0.6-1,1.31-.91,0.4-.71.5-1.21,0.81,0.6,1.41.3-0.2-2.62.71-2.62,0.2-2.72-.1-3.63S82.81,80.63,81.4,80.73Z"></path>
    </symbol>

    <symbol id="map-BG" viewBox="0 0 160.62 90">
        <path d="M123.35,2.65c-5.85-.65-24.55,0-29.75,5.2S81.73,16,75.71,15.33c-5.85-.81-23.09-1.46-26.66-0.81-3.74.81-23.74-3.74-26.66-2.93-2.6.65-7.64-8.45-14.31-9.59A5.68,5.68,0,0,1,6,4.44C0.93,7.69.44,16.63,6,21.67s12.84,16.1,7.8,16.1S4.83,44.43,5.48,47.85C6,51.26,3.85,58.41,5.48,60s13.33,12.84,14,16.1c0.49,2.93,5.2,4.39,4.88,7,9.43-.65,29.26-1.79,33.65.49C63.84,86.54,84.65,88,84.65,88c6,0,11.22-2.28,9.59-6-1.3-3.09,6.5-5.2,12-5.69-1-3.41-1.63-6.34-.16-6.83,2.76-1.14,18.86-3.41,25.69,0,3.41,1.63,7.15.16,10.08-2-0.65-2.93-1.63-5.37-3.25-5.69-4.06-.81-10.4-17.88-5.2-19s11.87-18.86,20-21.46c3.25-1,4.71-2.93,5.2-5.37-7-2.44-14.14-5.2-15.28-7.15C141.23,4.93,129.36,3.46,123.35,2.65Z"></path>
    </symbol>

    <symbol id="map-CL" viewBox="0 0 20.86 90">
        <path d="M9.63,78.48c-0.44.09-.62-0.8-0.89-0.8s-0.36-1.51-.09-2.22-1.33-.36-1.78-0.53,0.18-.71-0.36-1.24-0.09-1.33-.09-1.78A1.42,1.42,0,0,1,7.5,70.67c0.62,0,.18-0.89.8-1.33s-0.53-1.07-.09-1.51,0-1.15.8-1.24,0-1.15.53-1.33-0.09-.8.09-1.51-0.44-1.24.27-1.51,0.27-.89-0.27-1.24,0.09-.44.71-0.44,0.27-1.07-.27-0.89c-0.71.18-1.07-.44-0.53-1S9.1,57.8,9.28,57.45a0.82,0.82,0,0,0-.18-1.07,2.08,2.08,0,0,1,.27-2c0.44-.09.09-1.6,0.09-2S9,51.41,9,51s0.53-.53.53-1.33,0.18-1.15.53-1.24,0.09-1,.09-1.42,1,0,1.07-.71-0.53-.62-0.44-1.07a13,13,0,0,0-.09-2.49c0-1.24,1.07-1.51,1.42-1.86s-0.53-2.22,0-2.4,0.18-1.07.53-1.42,0.27-.89.53-1.6-0.44-1.07-.44-1.69a2.63,2.63,0,0,0-.62-1.86c-0.53-.71-0.36-2,0-2s0.18-1.33.8-1.51,0.27-1.15,0-2,0.53-.44.53-1.07a1.91,1.91,0,0,1,.89-1.69,1.87,1.87,0,0,0,.53-1.6c0-.44.71-0.53,1.15-0.89s-0.71-.89-0.09-1.24-0.53-1.78-.18-2,0.09-.89.09-1.42,2-1.33,2.22-1.69a6,6,0,0,0,.36-2.22c-0.62.36-1.07,0.62-1.24,0.36s0.09-1.6-.44-2.13S16.56,9.25,16,9s-1.15-1.24-.71-1.6,0-1,.36-1.33S15.4,5.7,14.87,5s0.27-1.51-.44-2-0.71-1.15-.89-0.89A1.47,1.47,0,0,1,13,3.66a1.94,1.94,0,0,1-.44.27,5.37,5.37,0,0,0,0,1.69,14.67,14.67,0,0,1,.09,4.88,23.89,23.89,0,0,1-.8,2.84c-0.27.71,0.62,0.8,0.27,1.07s-0.18,1.15-.18,2.57a28.35,28.35,0,0,1-.89,4.35c0,0.71-.62,1.15-0.53,2A1.83,1.83,0,0,1,9.63,25c-0.44.36,0.8,1.6,0.71,2.31s-1,1-.71,2a21.28,21.28,0,0,1,0,4.17c0,0.44-.53.44-0.44,1.33s-0.53,1.07-.71,2.4A14.92,14.92,0,0,1,7,41.29c-0.36,1-.36,1.51-0.89,1.51s-0.62.53-.27,1.42-0.27,1.6.27,2.4a1.75,1.75,0,0,1,.09,2c-0.27.8-.62,0.89-0.62,1.6s-0.62,1.42-.27,2.22,0.27,1.15-.18,1.15-0.62.71-.8,2-0.09,1.33.89,1.24,0.18-3.46.89-3.46,0.09-.53.71-0.71,0.09,0.62.53,0.71,0.71,0.44.09,0.89,0.09,1.15-.18,1.6a1.64,1.64,0,0,0-.44,1.51c0.27,0.53-.27.53-0.36,1.24s0.36,0.8.09,1,0.36,0.71,0,.8S6.35,61,6.62,61.53s-0.53.18-1,.53,0.44,0.8.18,1.24-1-.27-1.24-0.53S5,62,5.46,61.53s-0.36-1.69-1-1.42,0.62,1,.62,1.51-1.07-.09-1,0.44-0.71.36-1.07,0.8,0.53,0.8.09,1A1.68,1.68,0,0,0,2,65c0,0.44.44,0.53,0.44,0.09s0.71-.53.89,0,0.53,0,1.07.09,0.53,1,.18,1A0.94,0.94,0,0,0,4,67.3c0.09,0.62,1.24,0,1.78.18s0.36,1.07,0,.8c-0.09,0-.71-0.53-1.07,0s-0.8.27-1.15,0.09-1.78.71-1.24,1.07,0.44,0.89.71,0.89a1.69,1.69,0,0,0,1-.62c0.18-.36.8-0.71,0.8,0.09s-0.8.36-1,.8a3,3,0,0,1-1,1.15,0.46,0.46,0,0,0,.44.8c0.44-.18-0.09.53,0.44,0.62s0.71-.36.62-0.8,0.27-1.33.8-.89-0.27.89-.27,1.33-0.27,1-.27,1.42S4,74.4,4,74.93s-1.15.18-.62,0.53-0.44.8-.18,1.15,0.53-.44,1-0.27a0.79,0.79,0,0,0,1,0c0.62-.27,1,0.44.36,0.62s-1.15.8-.89,0.89,1-.44,1.15.09,0.71,0.44.71-.18,1.07-.09,1.24.44S6.7,79,6.08,78.93a0.67,0.67,0,0,0-.53,1.15c0.44,0.53,1,0,1.42-.44s2.75-.36,2.93.18-1.07.09-1.15,0.36-1.07.53-1.15,0.18-1,.09-1.07.71-0.71.53,0,.8,0.53-.8,1.78-0.71,1.86-1.07,2.13-.44-1,1.24-1.42.8-1,.27-1,1S6.7,82.3,6,82.21s-0.36.62,0.18,1.24,1-.09,1.69.36,0.71,1,1.24.53,0-.44-0.36-0.62,0-1,.8-0.53a1.11,1.11,0,0,0,1.51-1.33c-0.27-1,.71-1.51,1.69-1.86s0.44,0.62-.27,1-0.89.53-.27,1.07,1.24-.36,1.78.09-0.89.36-1.07,0.89,0.8,1,.09,1.33-0.36-1.42-.8-1.6-0.8.18-.36,1.15-0.53.09-1-.36-1,.18-0.53.71-1,0-1,.8,0.62,0.09,1.42.27,0.44,1.24,1,1.69,0.09-1.33.71-1.51,0,1.33,1.33,1.78,0.09-.27.71-0.71,1.33,1.24,2,1.42,0.18-.8-0.27-1.24,0.44-.18,1.07,0,1.15,0.27,1.24-.18c0.09-.18.18-0.18,0.36-0.09-0.62-.44-2.93-0.09-3.2-0.18s-0.09-5.15,0-6.3H15.49c-0.53,0-1.78.09-1.6-.71A0.24,0.24,0,0,1,14.16,79a3.07,3.07,0,0,0-1.07-.62A14.15,14.15,0,0,0,9.63,78.48Z"></path>
    </symbol>

    <symbol id="map-DE" viewBox="0 0 80.21 90">
        <path d="M11.67,24.61c-2.06,3-4.83,3.31-4.29,4.11S11,32,10.15,33.28,8.36,33.82,8.36,36s-3.57,2.32-4.83,2.32S3.81,40.7,3,42.48s-0.71,5.36-1,6.88,2.5,4,2.32,5.36S2,57.05,2.55,58s2.32,2.41,2.68,7.15a4,4,0,0,1,1.88,1,6.81,6.81,0,0,0,5.54,2.68c2.5,0,3.4,1.7,4.56,1.52s4.2,0.8,1.7,2.86-2.86,4.56-3.4,7.06c-0.36,1.61-.36,3.84-0.71,5.18,2.41,0.18,6,.36,7.33-0.27,2.06-1,3.31-1,5.81-.27a30.28,30.28,0,0,1,4.92,2.14,1.24,1.24,0,0,1,1-1c1.7-.18,3.84,3.22,4.92,1.34s3.84-1.52,5.18-.8a3.94,3.94,0,0,0,4.92-.36c1.52-1.52,7.42-2.32,8.76-1.7s4.74,2.06,3.4-2.5,2.86-3.66,3.4-5.36,5.54-2.5,4.74-3.84-7.06-5.36-8.94-6.7-1.88-5.54-2.86-7.24-3-4-.54-4.56,6.88-1.52,8.94-3.4,5.9-2.06,7.06-3.22,3.84,1,4.56-.18,1.34-3.4.18-4.74S75.66,39.18,75.48,36s-1.16-3-1.16-4.56-0.54-3.4-1.88-4.2-1.88-1.34-.54-3.4,0.8-7.42.18-8.94a2.15,2.15,0,0,1,0-1.07,1.38,1.38,0,0,1-.71-1.07C71,10.67,69.58,10,66.27,10s2.06-3.31.8-4.92-4.56,3-7.6,2.06-7,3.57-9.65,5.63-6.52-.36-4.47-3.31,0-2.68-3-1.52c-3,1-6.79-.45-6.35-3.22a2.66,2.66,0,0,0-.54-2,10,10,0,0,1-3.22.09A35.66,35.66,0,0,0,24.36,2c1,1.52,2.14,2.95,1.52,4.11-1.16,2.14.63,4.2,2.32,7.33s-3.57,1.43-3.66,3.4-4.83-.09-6.35-0.89-6.61-.27-6.43,1a3.14,3.14,0,0,1-.27,1.79C12.12,21.21,12.38,23.54,11.67,24.61Z"></path>
    </symbol>

    <symbol id="map-FR" viewBox="0 0 105.62 89.89">
        <path d="M91.72,21.64c-1,.11-1.7-1.27-3.72-1.27a5.63,5.63,0,0,1-4.57-2.23c-1-1.27-5.84-1.59-7.43-1.27s-2-2.65-3.61-2.34-2-2-2-3.29-1.7,1-3.18,1.59-1.91-1.38-2-2.34-3-1.91-4.35-2.65-3-3.29-3.61-2.23S54.88,4,54.67,3c-0.11-.74-0.53-0.53-0.85-1a4,4,0,0,1-1.59.11C49.68,2,47.56,4,48,8.16S44.9,12.72,40.66,13s-2.87,3.61-4.57,5S28,17.29,27.17,15s-6.48,0-4,2.76,2.34,6.48,1,7.54-4.25-1.7-6.16-.32-2-1.27-4.25-2.12-3.29,1.06-6.9.74-5.73,1.8-4.35,3.4S2.22,30,3.29,31.3s5.84,1.17,9.45,3.08,4.35,0.32,6.16,1.7,2.23,0.53,2.34,3.18,2.12,5.1,5.52,6.05,0.85,3.18,1.91,5.52-1.59,5.63-1.06,8.49-1.7,11.89-3.4,12.74a0.64,0.64,0,0,0-.42.11c1.59,0.74,3.18,1.49,4,2,1.49,1.06,4.88,2,6.9,3.29s5.63,1.06,5.63-.53,2-.53,3.29.74,6.16,1.49,8.39,2c1.91,0.42,4.78.11,7.22,0.21a14.48,14.48,0,0,0-.42-1.8c-1.27-4,2.44-6.48,5.84-7s10.94,1.59,13,2.87,4.67,1,8.17-2.76a9.13,9.13,0,0,1,4.46-2.87A16.41,16.41,0,0,1,91,65.91c0.42-1.27-1.7-1-3.29-1.06a2.1,2.1,0,0,1-1.59-3.4c1.06-1.7-1-1.91-2-3.61s0.42-1.27,1.38-1.7,2.23-2.34,1.38-2.87-1.38-1.59-.74-3.4-1.27-2-1.27-3.5-1.7-2-3.18-.32-1.91.42-1-2.34,4.25-4,4.57-5.63a4.18,4.18,0,0,1,3.61-3c1.38,0,1.06-3.29,1.59-5.31s0.74-4,2.87-5.84C95.12,22.17,92.68,21.43,91.72,21.64Zm11.15,53.19c-1.17-.11-1.49,2-4.35,3.72s0,9.77,3,9.45S104,74.94,102.87,74.83Z"></path>
    </symbol>

    <symbol id="map-GR" viewBox="0 0 72.78 90">
        <path d="M70,2c-2.44.27-5.78,1.17-5.24,2.53,0.63,1.63-1.63,2.53-4.16,2.53,0,0-9-.63-11.56-1.9-2-1-10.57-.45-14.54-0.18a0.69,0.69,0,0,1-.18.45c-1,1.45-8.67,5.42-10.12,4.7s-2.17,2.44-5.06,3.16-7.23-.27-7.5,1a18.14,18.14,0,0,1-3.88,6.23c-1.72,1.72-.27,3.61-2.62,4.06C3.54,24.85,2.9,27.83,2,30.45c0.18,0.09.27,0.18,0.45,0.27C6,31.81,8.68,36.05,8.23,40s5.15,5.42,7.68,2.53,9.76,1.63,9.76,3.52-7.41-2.08-11.56,1,3.25,6,2.26,9.12,1.9,7.68,5.6,7.59,7.86,6,10.12,4.79-2.71-9.67-1.9-10.93,5.33,2.26,7.5-.36-1.63-4.52-5-4.34-0.18-4.52,3.88-2.08,6-.63,7.86-1,2.44-7.23-3.52-8.85-5.15,4.34-9,.36,3.52-2.44,3.52-5.78-6-8.22-8.85-12.19,4.06-6,5.6-3.07,6,2.44,8.67,1.26S38,15.37,42.92,13.38s5,1.45,6.59,2.08,3.07-4,8.22-4c2.71,0,5.06,1.81,7.32,3.52,1.35-1.54,2.53-2.44,2.53-3.7,0-1.72,3.16-2.44,3.16-5.06A12,12,0,0,0,70,2ZM61,83c-2.62-1.45-14.18,1-17.16-1.9s-9.3,2.26-6.59,2.71c3.88,0.63,9.67,4,15.9,4.16s14.81-2.89,14.63-4.52S63.52,84.47,61,83Z"></path>
    </symbol>

    <symbol id="map-GB" viewBox="0 0 60.12 90">
        <path d="M12.31,47.85c-2.13-2-4.88,1.15-7.1,1.15A5.87,5.87,0,0,1,3.7,52.2c-0.89.62-2.49,3-1.24,3.28s3.28,2.31,3.55.8,1.15-3.55,3.28-1A11.42,11.42,0,0,0,11.16,57c0.36-1.15,3-1.33,4.35-2.75C17.19,52.55,14.62,50.16,12.31,47.85ZM58.12,68.62c0.18-2.49-5.33-4.26-5.95-2.93s-1.86,1.15-2.75-.36,0.8-2.93-.09-3.11-2.13-2.31-1.86-3.11S46,52.91,43.21,52.29s-3.28-4.71-3.73-6.84-2.31-1-3.73-2.84-3.82-.89-5.15-0.8,0-2.31,2-3.73S37,29.65,37,28.23s-8.79-1.33-10.48-.53-3.37-1.24-2-1.86,4.44-3.55,4.26-4.71,2.13-2.22.8-3.37-1.42,1.42-2.49,2.31-3.55.62-6.13,0.09-3.64,3.2-3.55,4.79-3,2.49-2.49,3.82-0.62,2.31-1.42,1.6-1.78-2.57-3.46-1.24,2,3.11,4.08,3.37S12.49,34.35,12,36.66s2.84,1.33,3,3-4.71,2-4.71,3.55,2.75-.8,4-1.42-0.62,3.91,2.31,3.46,2.22-4.62,3.28-4.44-0.53,2.22.44,3.91-2.22,4.44-2,5.68,6.21,1.24,8.17-.8S29.36,49.8,28,51.31s-0.71,2.93.89,3.55,2.22,0.8,1.51,2.13-0.09,3.82-.53,5.15-5.59,1.07-5.77.27-2.31-.27-1.78.89-1.86,2.4-1.69,3.55,3.28,0.8,3.37,2.22S21.81,72,18.61,72.88s0.62,3.46,2.13,2.31,1.15,0.71,3.37.71,3.55,1.78,5.95.8,2.31,0,.53,1.42-4.62-.09-6.3.8S15.77,86.2,17.1,87.8c0.71,0.89,1.78-1.33,4.17-2.31s2.84,0.71,4.17.8,1.42-2.75,2.49-2.49,2.13-.89,4.08-0.62a5.26,5.26,0,0,0,4.44-1.24c1-.8,3.73,1.69,4.53,1.07s4.53-1.24,6.39-1.15,6.66-2.13,7.9-3.28-0.71-1.42-2.4-1.15-1.33-1.69.44-3.37S57.94,71.2,58.12,68.62ZM7.78,26.54c2.22-.09,4.88-3.91,3.73-5.06S6.1,26.63,7.78,26.54Zm32.4-18.2c1.42-1.42,3.11-6.84.89-6.3S39.57,9,40.19,8.34Z"></path>
    </symbol>

    <symbol id="map-UK" viewBox="0 0 60.12 90">
        <path d="M12.31,47.85c-2.13-2-4.88,1.15-7.1,1.15A5.87,5.87,0,0,1,3.7,52.2c-0.89.62-2.49,3-1.24,3.28s3.28,2.31,3.55.8,1.15-3.55,3.28-1A11.42,11.42,0,0,0,11.16,57c0.36-1.15,3-1.33,4.35-2.75C17.19,52.55,14.62,50.16,12.31,47.85ZM58.12,68.62c0.18-2.49-5.33-4.26-5.95-2.93s-1.86,1.15-2.75-.36,0.8-2.93-.09-3.11-2.13-2.31-1.86-3.11S46,52.91,43.21,52.29s-3.28-4.71-3.73-6.84-2.31-1-3.73-2.84-3.82-.89-5.15-0.8,0-2.31,2-3.73S37,29.65,37,28.23s-8.79-1.33-10.48-.53-3.37-1.24-2-1.86,4.44-3.55,4.26-4.71,2.13-2.22.8-3.37-1.42,1.42-2.49,2.31-3.55.62-6.13,0.09-3.64,3.2-3.55,4.79-3,2.49-2.49,3.82-0.62,2.31-1.42,1.6-1.78-2.57-3.46-1.24,2,3.11,4.08,3.37S12.49,34.35,12,36.66s2.84,1.33,3,3-4.71,2-4.71,3.55,2.75-.8,4-1.42-0.62,3.91,2.31,3.46,2.22-4.62,3.28-4.44-0.53,2.22.44,3.91-2.22,4.44-2,5.68,6.21,1.24,8.17-.8S29.36,49.8,28,51.31s-0.71,2.93.89,3.55,2.22,0.8,1.51,2.13-0.09,3.82-.53,5.15-5.59,1.07-5.77.27-2.31-.27-1.78.89-1.86,2.4-1.69,3.55,3.28,0.8,3.37,2.22S21.81,72,18.61,72.88s0.62,3.46,2.13,2.31,1.15,0.71,3.37.71,3.55,1.78,5.95.8,2.31,0,.53,1.42-4.62-.09-6.3.8S15.77,86.2,17.1,87.8c0.71,0.89,1.78-1.33,4.17-2.31s2.84,0.71,4.17.8,1.42-2.75,2.49-2.49,2.13-.89,4.08-0.62a5.26,5.26,0,0,0,4.44-1.24c1-.8,3.73,1.69,4.53,1.07s4.53-1.24,6.39-1.15,6.66-2.13,7.9-3.28-0.71-1.42-2.4-1.15-1.33-1.69.44-3.37S57.94,71.2,58.12,68.62ZM7.78,26.54c2.22-.09,4.88-3.91,3.73-5.06S6.1,26.63,7.78,26.54Zm32.4-18.2c1.42-1.42,3.11-6.84.89-6.3S39.57,9,40.19,8.34Z"></path>
    </symbol>

    <symbol id="map-IT" viewBox="0 0 82.17 90">
        <path d="M56.2,76.5c-4.19.89-5.88,1.25-8.29,0s-6.33,1.07-5.79,2.76c0.45,1.16,2,2.5,7.13,3.83s5.7,4.72,7.84,4.9,2.32-2,1.78-4.63,2.5-5.88,2.85-6.42C61.9,76.41,60.3,75.61,56.2,76.5ZM17,53.51c-2.23,2-4.1-.36-5,1.25-1.07,1.87,3.48,4.81,2.5,8.73S15,72.4,17.34,70.09s3.48-1.25,4.72-2.94S22.24,59,23.13,56,19.21,51.55,17,53.51Zm49.64-3.3c-2.67-1.6-.89-4.28-5.08-4s-9.09-5-10.61-11-8-6.24-9.62-9.8,1.52-3.92.09-6.86c-0.8-1.6,1-3.12,3-3.92a57.24,57.24,0,0,1,.36-9.09,9.83,9.83,0,0,1-3.48-.71c-0.8-.45-1-2.85-1.43-2.85s-4.72,0-5.44.8-3,2.14-4.28,1.34a2.79,2.79,0,0,0-.89-0.45L27.95,4.94s-0.18,1.6-1,1.6-2-.62-2,0.8-2.23,1-3.21.8-2.41.18-2.41,1.43S19.12,13.41,17.52,12,14.22,6.9,13.6,7.35s-2,4.9-3.48,4.9c-0.89,0-3.74.27-5.88,0.45-0.53,1.78,0,2.76.8,3.21S4.68,18.13,3.7,18.58s-2.41,0-1.34,1.69,3,1.87,2,3.48A2,2,0,0,0,5.84,27c1.52,0.18,3.65-.18,3.21,1.07a10.18,10.18,0,0,0-.8,2.32,14.06,14.06,0,0,0,3.3-1c2.14-1.07,1.25-3,4.72-4s8.2,2,9.62,4,1.78,2.32,2.14,4,1.6,5.17,6.51,8.29,6.77,6.68,9.36,8,5.08,1,6.59,2.85a15.86,15.86,0,0,0,6,3.92c2.41,1.16,2.5,3.74,4.9,4s0.8,2.32,2.23,4a6.74,6.74,0,0,1,.27,7.4c-1.52,2-.71,5.44.27,5.44s3.12-3.65,3.48-5.7,2.32-2,3.92-4S69.12,65,68.41,62.33s3-5.17,6.59-2.94,5,3.74,5.17.27C80.35,56.45,69.21,51.91,66.62,50.21Z"></path>
    </symbol>

    <symbol id="map-NZ" viewBox="0 0 73.92 90">
        <path d="M45.32,43.72c-1.8-1.26-2.7.54-4.59,1.44s-3.24-4.23-5.66-2.34-0.27,2.7-3,5-1.53,3.06-4.77,8.09S13.13,63.77,11.43,66.46s-7.19,4.86-7.28,6.92-3.51,3.51-1.53,6.29c1.53,2.16,3.6.63,5.21,2.34s3.33,0.27,4.14,1.71,6.38,1.44,10.61-2.43,2.16-5.66,3.87-6.65,1.89-4.14,3-6,1.8-4,6.38-4,2.16-.9,1.89-3.06,3.87-2.61,3.87-5.39,5.66-5.39,4.5-7.55C45,46.24,47.12,45,45.32,43.72ZM8.28,88c0.9,0.27,3.87-.54,2.16-2.61S6.12,87.32,8.28,88ZM66.27,23c-1.17,1.89-3.51-.54-5.66-0.54A3.35,3.35,0,0,1,57.1,19c0-1.89-.54-4.77-2.61-4.59s0.63,2.16-.09,3.24-1.26-1.17-2.34-1.17-2.16-1.44-2.16-4-2.16-2.34-2.16-5.21S43.16,2,40.56,2s0.54,4.59,1.8,6.2,4.14,3,4,4.14,1.89,4.14,3.51,4.59-0.9,5-.9,8.63-2.79,3-4.77,5.3,4.86,4.59,7.73,6.92-2.43,8-1.71,9.26c0.36,0.63,2.34,1.53,5.21.81s4.41-7.19,6.38-9,0.81-4.59,1.8-6,2.43-1.26,3.87-1.26,0.63-3.51,2.43-3.51,0.9-2.43,1.89-5.12C72.92,20.07,67.35,21.15,66.27,23Z"></path>
    </symbol>

    <symbol id="map-AT" viewBox="0 0 193.43 90">
        <path d="M161.64,9.69C154.74,2,137.77,2,137.77,2s-1.58,7.69-4.14,11.84c-2.17,3.55-14.4,3.55-22.49,1.38-2.17,3-12.43,5.33-14,9.47-1.78,5.13-14.2,2.37-10.26,16s-6.31,9.07-10.26,7.5c-3.95-1.78-21.7.59-26.23,5.13s-10.85,3.35-14.79,1.18c-3.95-2.37-12-3.35-15.39,2.37S10.54,52.3,5.41,52.89s-3,11.44-3,13.61c0,2.37,7.89,9.07,13,6.9,5.13-2.37,11.44.59,16,3.35s13-2.37,16-5.13c2.76-2.76,18.74-2.76,20.51-2.76s2.37,9.07,5.13,10.85c3.16,1.58,13.81,2.56,23.67,3.16,9.67,0.59,23.87,5.13,28.6,5.13,4.54,0,12-7.89,22.29-7.89s16-6.31,17.75-5.72h0.2c0.79-3.16,2-5.72,4.14-6.11,4.14-.59,1.18-7.69,4.14-11.24s-2.37-10.65,3-10.06,11.24,1.18,11.24-6.51a10,10,0,0,1,3.35-6.9c-5.92-8.28-10.06-21.5-10.06-21.5S168.35,17.19,161.64,9.69Z"></path>
    </symbol>

    <symbol id="map-PT" viewBox="0 0 47.09 90">
        <polygon points="29.95 84.24 29.86 81.02 27.89 77.79 31.03 71.79 34.43 69.01 34.88 66.41 31.83 66.23 29.86 62.2 34.25 57.81 34.07 52.26 30.85 50.2 27.26 43.39 30.67 42.58 33.09 43.03 36.67 38.01 34.25 35.59 37.21 32.64 37.66 23.86 37.03 20.19 42.22 15.26 44.28 15.26 45.09 12.39 42.22 8.45 41.87 5.05 35.24 4.24 32.64 6.84 25.02 5.22 20.45 7.64 19.29 5.67 19.65 2.63 17.32 2 11.14 2.98 11.41 5.85 13.56 10.6 12.57 19.29 13.11 20.63 12.03 24.49 14.01 26.82 12.57 28.79 10.87 32.37 10.69 36.85 7.55 41.42 7.55 44.02 3.88 49.21 2 57.27 2.09 59.34 4.96 59.34 6.3 57.27 9.17 55.48 8.72 57.27 9.44 58.8 5.32 60.77 5.14 63.73 6.39 65.07 8.54 63.1 12.03 63.19 10.6 65.07 11.5 68.74 10.15 71.97 10.42 79.31 8.99 84.51 8 86.12 8.99 86.93 13.11 84.15 18.84 86.39 21.53 88 25.56 85.67 29.23 85.41 29.86 84.24 29.95 84.24"></polygon>
    </symbol>

    <symbol id="map-CH" viewBox="0 0 167.48 90">
        <path stroke-width="6" d="M147.32,38.44c-7.3,3.22-18.67-6.45-18.67-9.67,0-2.21-1.53-10.35,0-15.27-6.11-3.22-14.6-7.3-21-9.33C96.75,1.11,91.31,1.11,82.66,5.35c-5.43,2.72-20.71,2-31.06,1-0.85,3.22-2.38,5.43-4.92,5.43-7.3,0-17,7.3-18.67,15.27-1.53,8.15-18.67,14.6-23.59,29-4.75,14.6-2.21,21,5.09,12.05,7.3-8.83,16.29-5.6,16.29,1.53,0,7.3,9.67,8.15,6.45,17.82a0.62,0.62,0,0,1-.17.51c11-.85,26.48-2.21,31.23-2.21,7.64,0,15.11-23.59,18.33-25.8s11.88,17.14,20.54,24.78c8.66,7.47,9.67-6.45,9.67-12.9s7.64-8.66,12.9-7.47c5.43,1,17.31,3.22,17.31-4.24s6.45-4.24,10.86-4.24,5.43-8.66,5.43-8.66l7.13-6.45C159.71,37.77,153.09,35.9,147.32,38.44Z"></path>
    </symbol>

    <symbol id="map-ES" viewBox="0 0 123.97 90">
        <path d="M121,17.46c-3.34-.12-7.17.25-9.77-0.25-3.09-.74-9.53-1-11.26-2.72s-4.45-3.09-4.45-1-4.7,2.35-7.55.62S80.84,11,78.86,9.67c-1.11-.74-3.22-1.61-5.32-2.72-2.85.49-11-2.47-16.33-1.73C51.52,6,33.21,4.35,26,5S18.49,2,14.66,2,12.43,6.7,6.74,6.95s-6.19,3.59-2.1,6.8C7,15.61,6.74,19.44,6.37,23a3.58,3.58,0,0,0,2.47-1.11c1.73-2.1,3.46-1.73,3.46.37s3.71,1.36,5.81,1.36,1.36,1.73,3.71,0,5.81-1,5.81,1,5.07,1,2.35,3.71-6.06,3.46-6.06,5.44,3.09,6.43.62,8.91,0.62,6.43-1.73,6.43-5.07,1-2.35,3.71,4.82,5.07,2.72,5.07S19.73,62,20.84,63s5.81,4.08,2.1,4.82-3.71,3.71-3.71,5.81a7.8,7.8,0,0,0,1.36,3.09,8.84,8.84,0,0,1,5.07.37c4,1.86,6.19,11.5,11.5,10.89,2.23-.25,1.11-2,2.23-3.09s3.22-.25,5.44-0.25,3.34-3.22,8.66-3.34,8.66-.62,12-0.37,6.06-1,6.8-3.34,3.59-4.45,7.42-5.07,3.22-4.45,3.46-6.68,6.56-5.57,7.05-7.3-3.59-8.16.12-13.85,7.79-6.06,7.79-9.28c0-3,4-4.08,8.66-4.58s6.31-3.83,10.39-5.44C120.55,23.9,121.79,21.42,121,17.46ZM121.91,48c-0.74-4.7-10.27,1.48-8.29,2.85C117.83,53.58,122.53,52.72,121.91,48Z"></path>
    </symbol>

    <symbol id="map-ZA" viewBox="0 0 102.21 90">
        <path d="M95.81,33.92a2.86,2.86,0,0,0-.1-0.61,2.53,2.53,0,0,0-1,1.64c-0.1,1.43-1.53,1.53-3.38,1.43s-3.79-4.91-3.79-5.63,2.66-4.4,4.19-4.4c1,0,2.35,1,3.48,1.84a3.84,3.84,0,0,1,0-1.13c0.1-.82,1.13-10.13-0.51-11.15S91.41,5.48,90.9,4.56,84.36,4.15,83.74,3,78,3,77.91,2c-0.82,1.13-1.64,2.46-2,3-1,.82-3.58.1-4,1.94S68.4,10.49,67,10.49,64.41,13,64.41,14.69s-2.86,3.79-5.22,3.79-1.64,1.94-2.35,4.5S55,25.73,51.11,25.73s-4.19-.41-7.26-2.35-4,1.64-4.19,3.27S35.35,31.57,34,33s-4.3.41-6.14,0.41-1.13-1.64-1.13-2.66,0.92-.41,1.23-1.43S26.76,24.2,26,22.46c-0.31-.82-1.53-1.43-2.86-1.94v22.3c0,1.94-3.27,2.86-4,4S14,47,11.41,47s-1.94-2.56-3.27-4.3-3.48.51-3.48,1.84c0,0.92-1.13.82-2.66,0.61a46.13,46.13,0,0,1,4.6,9.72C8,59.7,11.62,64.2,12.44,67s1.94,5.42,0,5.73-1.94,1.94.1,5,0.31,4.91,1.94,5.22,1.13,1.43,2.56,1.53,2.35,1.43,3.27,2.66a2.45,2.45,0,0,0,4-.31c1-1.43,4.09-1.94,7.26-1.94s2.56-1.33,5.63-2.25a16.4,16.4,0,0,1,9.41-.1,6.28,6.28,0,0,0,5.83-.72C53.66,81,56.12,83,56.32,81s2.76-1.74,5.12-1.74,8.08-3.68,12.58-8a122.14,122.14,0,0,0,14.53-17.8,44.55,44.55,0,0,1,8.8-9.72c1.53-1.43,2.46-6.45,2.86-10A19.63,19.63,0,0,0,95.81,33.92ZM77,54.07c0,1.43-3.27-.41-4,1.13s-1.43,3.27-1.43,3.27L69,58.06l-3.58-5s2.86-4,3.58-5.42,5.42-4,6.14-2.56,4,3.27,4,4.71S77,52.64,77,54.07Z"></path>
    </symbol>

    <symbol id="map-HU" viewBox="0 0 160.62 90">
        <path d="M123.35,2.65c-5.85-.65-24.55,0-29.75,5.2S81.73,16,75.71,15.33c-5.85-.81-23.09-1.46-26.66-0.81-3.74.81-23.74-3.74-26.66-2.93-2.6.65-7.64-8.45-14.31-9.59A5.68,5.68,0,0,1,6,4.44C0.93,7.69.44,16.63,6,21.67s12.84,16.1,7.8,16.1S4.83,44.43,5.48,47.85C6,51.26,3.85,58.41,5.48,60s13.33,12.84,14,16.1c0.49,2.93,5.2,4.39,4.88,7,9.43-.65,29.26-1.79,33.65.49C63.84,86.54,84.65,88,84.65,88c6,0,11.22-2.28,9.59-6-1.3-3.09,6.5-5.2,12-5.69-1-3.41-1.63-6.34-.16-6.83,2.76-1.14,18.86-3.41,25.69,0,3.41,1.63,7.15.16,10.08-2-0.65-2.93-1.63-5.37-3.25-5.69-4.06-.81-10.4-17.88-5.2-19s11.87-18.86,20-21.46c3.25-1,4.71-2.93,5.2-5.37-7-2.44-14.14-5.2-15.28-7.15C141.23,4.93,129.36,3.46,123.35,2.65Z"></path>
    </symbol>

    <symbol id="map-US" viewBox="0 0 178.93 90">
        <path d="M174.21,10.69c0-.91-2.72-0.18-4-1.09s-3.45,3.45-3.81,5.26-3.81,4-3.81,4H152.25c-0.54,0-2.72,1.81-4,3.08a0.18,0.18,0,0,0,.18.18c0.91,1.81-2.54,2.72-5.81,2.9-1.09,0-1.81.18-2.36,0.18a3.09,3.09,0,0,1,.18,1.27,1.3,1.3,0,0,1-.91.73c-0.54,1.09-4.54,3.08-6.9,4.17-2.54,1.27-6,.73-6-1.27s1.81-1.63,2.36-.73c0.18,0.36.54,0.18,1.27-.36a3.53,3.53,0,0,1-.54-2.36c-0.73-.36.36-3.27-1.09-3.81-1.63-.54-3.45,2.36-3.27.54s2.72-3.27,1.27-5.44c-1.45-2.36-4.17-2.36-4.72-.54s-2.36.91-3.08,2.36a10.34,10.34,0,0,0-.73,6.35c0.54,2.18-.18,3.27-2.18,4.36-2,1.27-3.08-1.81-2.36-5.81,0.54-2.72,2-5.26.73-5.26s1.81-3.27,4.54-3.81c2.72-.73,6.35-0.36,6.35-1.27a0.69,0.69,0,0,1,.36-0.36,9.84,9.84,0,0,1-2-1.09,1,1,0,0,1-.36.54c-1.09.73-.73-1.27-2.72-1.27s-4,1.81-5.63,1.09-0.73-1.81-2.36-1.81c-1.45,0,1.09-2.72-1.09-1.63-2.18,1.27-5.26,4.17-6.9,2.72-1.45-1.27-2.72.36-3.81-.73s3.81-4,6-3.81a2.93,2.93,0,0,0,1.63-.54C107.07,7.06,104.71,6,104,6.88s-2,.36-2.54-0.36c-0.73-.91-1.45.18-2.54-1.09s-2.18-.36-2.72,0c-0.54.18-1.45-.36-2.54-0.91-1.09-.36-0.18-1.63-1.27-2.36-0.91-.73-1.09,1.27-1.09,1.27L8.17,4a0.69,0.69,0,0,0,.36.36c1.09,1.09.18,1.81,0.54,3.08s0,3.08-.91,3.08a0.75,0.75,0,0,1-.36-1.45,1,1,0,0,0-.36-1.81A1,1,0,0,1,6.9,6.15,22.93,22.93,0,0,1,2,6V6.15a9.76,9.76,0,0,0,1.45,4c1.09,1.45.36,2.36,1.27,2.72,1.09,0.54.91,1.09,0,1.09-0.91-.18-0.18.73-0.54,2.72S4,22.85,3.63,24.12C3.45,25.39,2,27.38,2.91,28.83A6.61,6.61,0,0,1,4,33.73a4.36,4.36,0,0,0,.36,4c0.73,1.27.18,3.45,0.91,4a16.7,16.7,0,0,1,2.36,2.54c0.73,1.27,1.45.54,1.45,1.63,0.18,1.27.18,1.45,1.27,2s0.36,1.63.36,2.36,1.45,1.81,3.08,3.45c1.81,1.45.18,2.72,1.45,2.72a8.28,8.28,0,0,1,3.81,1.45c1.27,0.73,1.63.36,2.54,0.54a5,5,0,0,1,2.72,3.27A7.58,7.58,0,0,0,25,63.49l6.9-.91a20.92,20.92,0,0,0,3.27,1.81c1.27,0.36,7.8,2.72,7.8,2.72h8.53l1.09-1.27h4.72s3.08,2.9,3.45,3.08,2,1.45,2,2.36a2.08,2.08,0,0,0,1.09,2c0.73,0.36,3.08,2,3.45,1.81s1.09-2.9,2.36-2.72c1.27,0,4.72,1.09,5.26,3.08a8.31,8.31,0,0,0,2.9,4c0.54,0.36.36,1.63,0.73,2.36s0.36,1.81.91,1.81,3.08,1.63,4.17,1.45a2.41,2.41,0,0,1,1.27.54c0.18-2.36-2.36-2.72-.91-3.81,1.63-1.27,0-2.36.73-2.9s2.18-1.09,2.18-1.81,0.73-.73,1.81-0.73c1.09,0.18,3.08-1.81,2.9-2.54s0.18-.91,1.45-0.54c1.27,0.18,1.09-1.45,1.81-1.27s1.45,0.73,1.45.18,0.91-.54,1.45.36c0.54,0.73,2.36,1.09,2.54,0,0.18-.91,1.09,0,2,0.91s1.27,0.73,2.54.73,1.27-.18,1.27-1.09c0-.73,1.45,1.81,2.72,1.81,1.27,0.18.18-.73-0.73-1.45s0.18-1.09-.54-1.63,1.09-1.45,2.54-1.27c1.63,0,1.45.54,2.18-.54,0.54-.91,1.27,0,1.27.73s2.54-.54,4-0.54,2.72,1.27,2.72,2a1.11,1.11,0,0,0,2,.36c1.09-.91,1.81-1.81,2.72-0.91s1.81,2.18,3.08,3.27c1.09,1.09-.54,2.54,0,3.45s0,2,1.27,3.08c1.27,0.91.18,2.9,1.27,3.08s2,2,2,2.54c0.18,0.73,2.18,1.45,2.36.36s1.27-2.54,1.27-3.63a12.41,12.41,0,0,0-1.63-6c-0.91-1.27.18-1.45-.91-2.9a9.1,9.1,0,0,1-1.63-5.81c0-2,2.36-5.26,3.63-6.35,1.09-1.09,2.36-.54,2.72-1.45A3.34,3.34,0,0,1,141,59c0.73,0,1.63.18,1.81-.73s1.45-2,3.27-2.18,0.73-1.27.18-2,0.36-1.63.73-1.09a1.63,1.63,0,0,0,2,.18c0.73-.54,2.18-1.81.73-1.81s-1.81-.73-0.91-1.09,0.18-2-1.09-2c-1.27-.18-0.73-0.73,0-1.45s-1.09-2-2-2.54,0.54-.91,1.27-1.09,0.18-3.27.54-4,1.45-.73,1.09,0c-0.54.73-1.09,2-.18,2.9a3.62,3.62,0,0,1,.73,3.63c-0.36,1.45.36,1.09,1.27-.91,1.09-2,1.09-3.81.54-4-0.73-.18-0.54-2.18.18-1.27s1.09,1.09,2.18-.18,2.36-3.27,1.63-3.81,0.36-.91,1.63-0.91,4.17-.73,4.36-1.27c0.73-1.27-4.54.54-4.54-.18s3.27-1.45,4.9-1.45c1.45,0,.73-2.18,1.45-1.27s1.63,0.73,2.54.18,0.18-2-.73-2.36c-1.09-.18.73-0.91,0.36-1.45s0.73-3.08,2-3.27,0.73-1.09,1.81-1.09,1.27-1.27,2.18-2.18,2.36,1.45,3.81.18a22.67,22.67,0,0,1,2.18-1.63C173.3,14.5,174.39,11.41,174.21,10.69Z"></path>
    </symbol>
</svg>
    <script>
        require.config({
            deps: [
                'jquery',
                'mage/translate',
                'jquery/jquery-storageapi'
            ],
            callback: function ($) {
                'use strict';

                var dependencies = [],
                    versionObj;

                $.initNamespaceStorage('mage-translation-storage');
                $.initNamespaceStorage('mage-translation-file-version');
                versionObj = $.localStorage.get('mage-translation-file-version');

                if (versionObj.version !== '7f2c7875fe36e762cb2542812314124a72c8a5e6') {
                    dependencies.push(
                        'text!js-translation.json'
                    );

                }

                require.config({
                    deps: dependencies,
                    callback: function (string) {
                        if (typeof string === 'string') {
                            $.mage.translate.add(JSON.parse(string));
                            $.localStorage.set('mage-translation-storage', string);
                            $.localStorage.set(
                                'mage-translation-file-version',
                                {
                                    version: '7f2c7875fe36e762cb2542812314124a72c8a5e6'
                                }
                            );
                        } else {
                            $.mage.translate.add($.localStorage.get('mage-translation-storage'));
                        }
                    }
                });
            }
        });
    </script>


    <noscript>
        <div class="message global noscript">
            <div class="content">
                <p>
                    <strong>JavaScript scheint in Ihrem Browser deaktiviert zu sein.</strong>
                    <span>Um unsere Website in bester Weise zu erfahren, aktivieren Sie Javascript in Ihrem Browser.</span>
                </p>
            </div>
        </div>
    </noscript>
    <div class="message global cookie cookie-notice" id="notice-cookie-block" style="display: none;">
        <div class="content notice-inner">
            <span class="notice-text">
                Cookies helfen uns bei der Bereitstellung unserer Dienste. Wenn Sie auf der Webseite weitersurfen stimmen Sie der Cookie-Nutzung zu.            </span>
            <span class="actions">
                <button id="btn-cookie-allow" class="button action allow">
                   <svg class="icon-check">
                        <use xlink:href="#icon-check"></use>
                    </svg>
                    <span>Akzeptieren</span>
                </button>

                <button id="btn-cookie-info" class="button">
                    <span>Weitere Informationen</span>
                </button>
            </span>
        </div>
    </div>


    <script type="text/javascript">
        require([
            'jquery'
        ], function($) {
            $('#btn-cookie-info').on('click', moreInformation);

            /*
             Redirecting to 'More information' page depending on site language
             */
            function moreInformation()
            {
                var disclaimer='https://www.moevenpick-wein.com/de/disclaimer';

                if ($("html").attr("lang")=="fr-CH")
                {
                    disclaimer='';
                }

                window.location.href=disclaimer;
            }
        });
    </script>
<!-- Google Tag Manager (noscript) -->
<noscript><iframe src="https://www.googletagmanager.com/ns.html?id=GTM-NZMMQJS"
height="0" width="0" style="display:none;visibility:hidden"></iframe></noscript>
<!-- End Google Tag Manager (noscript) -->

<div id="privatesale-event-init"></div>


<script type="text/javascript">
	 var privateSaleEventData = {};
</script>

<div id="privatesale-homepage-init"></div>

<div class="page-wrapper"><div class="page-content"><header class="page-header"><button type="button" class="nav-opener" data-toggle="main-nav">
    <span>
        <svg aria-hidden="true"><use xmlns:xlink="http://www.w3.org/1999/xlink" xlink:href="#icon-hamburger"></use></svg>
        <svg aria-hidden="true"><use xmlns:xlink="http://www.w3.org/1999/xlink" xlink:href="#icon-x"></use></svg>
        <span>Menu</span>
    </span>
</button><div class="meta-header"><div class="header-container">
<ul class="language-switch hidden-xs ">
            <li aria-hidden="true">
            <svg>
                <use xmlns:xlink="http://www.w3.org/1999/xlink" xlink:href="#icon-location"></use>
            </svg>
        </li>

                    <li class="language-ch_de current">
                <a href="https://www.moevenpick-wein.com/de/">
                    DE                </a>
            </li>
                    <li class="language-ch_fr ">
                <a href="https://www.moevenpick-wein.com/fr/home">
                    FR                </a>
            </li>

    </ul>

<ul class="hidden-xs">
<li><a href="https://www.moevenpick-wein.com/aktueller-prospekt" target="_blank">
 <svg>
                <use xlink:href="#icon-pdf"></use>
            </svg><span class="hidden-sm">Aktueller Prospekt</span> </a></li>
<li><a id="activate_live_support" href="javascript:void(0)" class="chrome-enabled" style="display: block;"> <span class="hidden-sm">Chat | Hilfe</span> </a></li>
</ul></div></div><div class="header-content"><div class="header-container"><div class="logo">
<a class="logo" href="https://www.moevenpick-wein.com/de/" title="Magento Commerce">
    <img src="./index_files/logo_de.svg" alt="Magento Commerce">
</a>
</div><div class="headersearch">
<form class="form minisearch" id="search_mini_form" action="https://www.moevenpick-wein.com/de/catalogsearch/result/" method="get">
    <div class="minisearch__inner">
        <button type="button" class="btn-close" data-close="#search_mini_form">
            <svg><use xmlns:xlink="http://www.w3.org/1999/xlink" xlink:href="#icon-x"></use></svg>
            <span class="sr-only">schließen</span>
        </button>
        <div class="form-search">
            <label for="search" class="sr-only">Suche</label>
            <div>
                <input id="search" type="text" name="q" value="" placeholder="Geben Sie hier Ihren Suchbegriff ein" class="input-text" maxlength="255" role="combobox" aria-haspopup="false" aria-autocomplete="both" autocomplete="off">
                    <button type="submit" class="button primary">
                        <svg class="icon-magnifying-glass">
                            <use xlink:href="#icon-magnifying-glass"></use>
                        </svg>
                        Suchen                    </button>
            </div>
        </div>
    </div>
</form>
</div><ul class="action"><li class="action-search">
    <button type="button" class="search-opener" data-toggle="header-search">
        <svg aria-hidden="true"><use xmlns:xlink="http://www.w3.org/1999/xlink" xlink:href="#icon-search"></use></svg>
        <span class="hidden-xs">Suchen</span>
    </button>
</li>
<li class="account-link" data-label="oder">
    <a href="https://www.moevenpick-wein.com/de/customer/account/login/referer/aHR0cHM6Ly93d3cubW9ldmVucGljay13ZWluLmNvbS9kZS8%2C/" data-toggle="account-link-list">
        <svg><use xmlns:xlink="http://www.w3.org/1999/xlink" xlink:href="#icon-myaccount"></use></svg>
        <span class="hidden-xs">Anmelden</span>
    </a>

    <ul class="links">
                <li>
            <a href="https://www.moevenpick-wein.com/de/customer/account/login/referer/aHR0cHM6Ly93d3cubW9ldmVucGljay13ZWluLmNvbS9kZS8%2C/" title="Anmelden" rel="nofollow">
                Anmelden            </a>
        </li>
                <li>
            <a href="https://www.moevenpick-wein.com/de/kundenlager" title="Kundenlager" rel="nofollow">Kundenlager</a>
        </li>
            </ul>
</li>

<li class="wishlist-link" data-bind="scope: &#39;wishlist&#39;">
    <div class="top-cart">
        <div class="block-title no-items">
            <a href="https://www.moevenpick-wein.com/de/guestwishlist/">
                <svg>
                    <use xmlns:xlink="http://www.w3.org/1999/xlink" xlink:href="#icon-heart"></use>
                </svg>
                <span class="quantity empty" data-bind="html: getProductCount(), css: { empty: !!getProductCount() == false }">0</span>
            </a>
        </div>
    </div>
</li>


<li id="topcart-wrapper">
    <div id="top-cart" data-block="minicart" class="top-cart">
        <div class="block-title no-items">
            <a data-toggle="mini-cart" href="https://www.moevenpick-wein.com/de/checkout/cart/" data-bind="scope: &#39;minicart_content&#39;">

                <span class="sr-only">Mein Warenkorb</span>
                <svg>
                    <use xmlns:xlink="http://www.w3.org/1999/xlink" xlink:href="#icon-cart-new"></use>
                </svg>

                <span class="quantity empty" data-bind="html: getCartParam(&#39;summary_count&#39;), css: { empty: !!getCartParam(&#39;summary_count&#39;) == false }, blockLoader: isLoading">0</span>

                <span class="hidden-xs">| <span class="price" data-bind="html: getCartParam(&#39;grandtotal&#39;)"><span class="price">CHF&nbsp;0.00</span></span></span>

            </a>
        </div>

                    <div id="topCartContent" class="block block-minicart empty" data-role="dropdownDialog">
                <div id="minicart-content-wrapper" data-bind="scope: &#39;minicart_content&#39;">
                    <!-- ko template: getTemplate() --><!-- ko if: getCartParam('summary_count') --><!-- /ko -->

<!-- ko ifnot: getCartParam('summary_count') -->
<p class="mini-products-list empty" data-bind="visible: closeSidebar()">
    <!-- ko i18n: 'You have no items in your shopping cart.' --><span>Sie haben keine Artikel in Ihrem Einkaufswagen.</span><!-- /ko -->
</p>
<!-- /ko -->

<!-- ko foreach: getRegion('promotion') -->
    <!-- ko template: getTemplate() -->
<!-- ko foreach: {data: elems, as: 'element'} -->
    <!-- ko if: hasTemplate() --><!-- ko template: getTemplate() --><ul class="items">
	<!-- ko foreach: { data: widgets().html, as: 'widget' } --><!-- /ko -->
</ul><!-- /ko --><!-- /ko -->
<!-- /ko -->
<!-- /ko -->
<!-- /ko -->
<!-- /ko -->
                </div>
                <div class="promo"><p>Gratislieferung ab CHF 300.–</p></div>            </div>
                <script>
            window.checkout = {"shoppingCartUrl":"https:\/\/www.moevenpick-wein.com\/de\/checkout\/cart\/","checkoutUrl":"https:\/\/www.moevenpick-wein.com\/de\/checkout\/","updateItemQtyUrl":"https:\/\/www.moevenpick-wein.com\/de\/checkout\/sidebar\/updateItemQty\/","removeItemUrl":"https:\/\/www.moevenpick-wein.com\/de\/checkout\/sidebar\/removeItem\/","imageTemplate":"Magento_Catalog\/product\/image_with_borders","baseUrl":"https:\/\/www.moevenpick-wein.com\/de\/","minicartMaxItemsVisible":5,"websiteId":"1","maxItemsToDisplay":10,"customerLoginUrl":"https:\/\/www.moevenpick-wein.com\/de\/customer\/account\/login\/referer\/aHR0cHM6Ly93d3cubW9ldmVucGljay13ZWluLmNvbS9kZS8%2C\/","isRedirectRequired":false,"autocomplete":"off","rounding":{"enabled":true},"captcha":{"user_login":{"isCaseSensitive":false,"imageHeight":50,"imageSrc":"","refreshUrl":"https:\/\/www.moevenpick-wein.com\/de\/captcha\/refresh\/","isRequired":false},"guest_checkout":{"isCaseSensitive":false,"imageHeight":50,"imageSrc":"","refreshUrl":"https:\/\/www.moevenpick-wein.com\/de\/captcha\/refresh\/","isRequired":false}}};
        </script>

    </div>
</li>

</ul></div></div><nav class="nav-container"><ul id="main-nav" itemscope="" itemtype="http://schema.org/SiteNavigationElement">
    <li class="level0 nav-1 first parent">
        <a class="level-top level0 has-children" href="https://www.moevenpick-wein.com/de/#">
            Weine        </a>
        <div class="wine-menu wine-shop"><button type="button" class="btn-close" data-close=".wine-menu" style="right: -27px;"><svg><use xlink:href="#icon-x"></use></svg><span class="sr-only">CLOSE</span></button>
            <table class="menu-table">
                <tbody>
                    <tr>
                        <td>
                            <div class="menu-block">
                                <div class="menu-title">Weintyp</div>
                                <ul class="menu-items">
                                                                            <li class="">
                                            <span class="widget widget-category-link" itemprop="name">
                                                <a href="https://www.moevenpick-wein.com/de/rotweine.html" itemprop="url">Rotweine</a>
                                            </span>
                                        </li>
                                                                            <li class="">
                                            <span class="widget widget-category-link" itemprop="name">
                                                <a href="https://www.moevenpick-wein.com/de/weissweine.html" itemprop="url">Weissweine</a>
                                            </span>
                                        </li>
                                                                            <li class="">
                                            <span class="widget widget-category-link" itemprop="name">
                                                <a href="https://www.moevenpick-wein.com/de/roseweine.html" itemprop="url">Roséweine</a>
                                            </span>
                                        </li>
                                                                            <li class="">
                                            <span class="widget widget-category-link" itemprop="name">
                                                <a href="https://www.moevenpick-wein.com/de/suessweine.html" itemprop="url">Süssweine</a>
                                            </span>
                                        </li>
                                                                            <li class="">
                                            <span class="widget widget-category-link" itemprop="name">
                                                <a href="https://www.moevenpick-wein.com/de/schaumweine.html" itemprop="url">Schaumweine</a>
                                            </span>
                                        </li>
                                                                            <li class="">
                                            <span class="widget widget-category-link" itemprop="name">
                                                <a href="https://www.moevenpick-wein.com/de/sherry-port-likoerweine.html" itemprop="url">Sherry, Port &amp; Likörweine</a>
                                            </span>
                                        </li>
                                                                            <li class="">
                                            <span class="widget widget-category-link" itemprop="name">
                                                <a href="https://www.moevenpick-wein.com/de/vermouth.html" itemprop="url">Vermouth</a>
                                            </span>
                                        </li>
                                                                            <li class="">
                                            <span class="widget widget-category-link" itemprop="name">
                                                <a href="https://www.moevenpick-wein.com/de/spirituosen.html" itemprop="url">Spirituosen</a>
                                            </span>
                                        </li>
                                                                            <li class="">
                                            <span class="widget widget-category-link" itemprop="name">
                                                <a href="https://www.moevenpick-wein.com/de/alkoholfrei.html" itemprop="url">Alkoholfrei</a>
                                            </span>
                                        </li>
                                                                            <li class="">
                                            <span class="widget widget-category-link" itemprop="name">
                                                <a href="https://www.moevenpick-wein.com/de/zubehoer.html" itemprop="url">Zubehör</a>
                                            </span>
                                        </li>
                                                                    </ul>
                            </div>
                        </td>

                        <td>
                            <div class="menu-block">
                                <div class="menu-title">Rotweine aus</div>
                                <ul class="menu-items">
                                                                            <li>
                                            <span class="widget widget-category-link" itemprop="name">
                                                <a href="https://www.moevenpick-wein.com/de/rotweine/argentinien.html" itemprop="url">Argentinien</a>
                                            </span>
                                        </li>
                                                                            <li>
                                            <span class="widget widget-category-link" itemprop="name">
                                                <a href="https://www.moevenpick-wein.com/de/rotweine/australien.html" itemprop="url">Australien</a>
                                            </span>
                                        </li>
                                                                            <li>
                                            <span class="widget widget-category-link" itemprop="name">
                                                <a href="https://www.moevenpick-wein.com/de/rotweine/chile.html" itemprop="url">Chile</a>
                                            </span>
                                        </li>
                                                                            <li>
                                            <span class="widget widget-category-link" itemprop="name">
                                                <a href="https://www.moevenpick-wein.com/de/rotweine/frankreich.html" itemprop="url">Frankreich</a>
                                            </span>
                                        </li>
                                                                            <li>
                                            <span class="widget widget-category-link" itemprop="name">
                                                <a href="https://www.moevenpick-wein.com/de/rotweine/italien.html" itemprop="url">Italien</a>
                                            </span>
                                        </li>
                                                                            <li>
                                            <span class="widget widget-category-link" itemprop="name">
                                                <a href="https://www.moevenpick-wein.com/de/rotweine/portugal.html" itemprop="url">Portugal</a>
                                            </span>
                                        </li>
                                                                            <li>
                                            <span class="widget widget-category-link" itemprop="name">
                                                <a href="https://www.moevenpick-wein.com/de/rotweine/schweiz.html" itemprop="url">Schweiz</a>
                                            </span>
                                        </li>
                                                                            <li>
                                            <span class="widget widget-category-link" itemprop="name">
                                                <a href="https://www.moevenpick-wein.com/de/rotweine/spanien.html" itemprop="url">Spanien</a>
                                            </span>
                                        </li>
                                                                            <li>
                                            <span class="widget widget-category-link" itemprop="name">
                                                <a href="https://www.moevenpick-wein.com/de/rotweine/vereinigte-staaten.html" itemprop="url">Vereinigte Staaten</a>
                                            </span>
                                        </li>
                                                                            <li>
                                            <span class="widget widget-category-link" itemprop="name">
                                                <a href="https://www.moevenpick-wein.com/de/rotweine/oesterreich.html" itemprop="url">Österreich</a>
                                            </span>
                                        </li>
                                                                    </ul>
                            </div>
                        </td>

                        <td>
                            <div class="menu-block">
                                <div class="menu-title">Weissweine aus</div>
                                <ul class="menu-items">
                                                                            <li>
                                            <span class="widget widget-category-link" itemprop="name">
                                                <a href="https://www.moevenpick-wein.com/de/weissweine/argentinien.html" itemprop="url">Argentinien</a>
                                            </span>
                                        </li>
                                                                            <li>
                                            <span class="widget widget-category-link" itemprop="name">
                                                <a href="https://www.moevenpick-wein.com/de/weissweine/deutschland.html" itemprop="url">Deutschland</a>
                                            </span>
                                        </li>
                                                                            <li>
                                            <span class="widget widget-category-link" itemprop="name">
                                                <a href="https://www.moevenpick-wein.com/de/weissweine/frankreich.html" itemprop="url">Frankreich</a>
                                            </span>
                                        </li>
                                                                            <li>
                                            <span class="widget widget-category-link" itemprop="name">
                                                <a href="https://www.moevenpick-wein.com/de/weissweine/italien.html" itemprop="url">Italien</a>
                                            </span>
                                        </li>
                                                                            <li>
                                            <span class="widget widget-category-link" itemprop="name">
                                                <a href="https://www.moevenpick-wein.com/de/weissweine/neuseeland.html" itemprop="url">Neuseeland</a>
                                            </span>
                                        </li>
                                                                            <li>
                                            <span class="widget widget-category-link" itemprop="name">
                                                <a href="https://www.moevenpick-wein.com/de/weissweine/schweiz.html" itemprop="url">Schweiz</a>
                                            </span>
                                        </li>
                                                                            <li>
                                            <span class="widget widget-category-link" itemprop="name">
                                                <a href="https://www.moevenpick-wein.com/de/weissweine/spanien.html" itemprop="url">Spanien</a>
                                            </span>
                                        </li>
                                                                            <li>
                                            <span class="widget widget-category-link" itemprop="name">
                                                <a href="https://www.moevenpick-wein.com/de/weissweine/suedafrika.html" itemprop="url">Südafrika</a>
                                            </span>
                                        </li>
                                                                            <li>
                                            <span class="widget widget-category-link" itemprop="name">
                                                <a href="https://www.moevenpick-wein.com/de/weissweine/vereinigte-staaten.html" itemprop="url">Vereinigte Staaten</a>
                                            </span>
                                        </li>
                                                                            <li>
                                            <span class="widget widget-category-link" itemprop="name">
                                                <a href="https://www.moevenpick-wein.com/de/weissweine/oesterreich.html" itemprop="url">Österreich</a>
                                            </span>
                                        </li>
                                                                    </ul>
                            </div>
                        </td>

                        <td>
                            <div class="menu-block">
                                <div class="menu-title">Aktuelles</div>
                                <ul>
<li><div class="widget block block-category-link">
    <a href="https://www.moevenpick-wein.com/de/aktuelle-angebote.html?___store=ch_de"><span>Aktuelle Angebote</span></a>
</div>
</li>
<li><div class="widget block block-cms-link">
    <a href="https://www.moevenpick-wein.com/de/aktueller-prospekt" title="Aktueller Prospekt">
        <span>Aktueller Prospekt</span>
    </a>
</div>
</li>
<li><div class="widget block block-category-link">
    <a href="https://www.moevenpick-wein.com/de/bio.html?___store=ch_de"><span>Bio</span></a>
</div>
</li>
<li><div class="widget block block-cms-link">
    <a href="https://www.moevenpick-wein.com/de/coravin" title="Coravin">
        <span>Coravin</span>
    </a>
</div>
</li>
<li><div class="widget block block-cms-link">
    <a href="https://www.moevenpick-wein.com/de/jahrgangstabelle" title="Jahrgangstabelle">
        <span>Jahrgangstabelle</span>
    </a>
</div>
</li>
<li><a href="https://www.moevenpick-wein.com/de/optivo/newsletter/index/">Newsletter</a></li>
<li><div class="widget block block-category-link">
    <a href="https://www.moevenpick-wein.com/de/top-bewertete-weine.html?___store=ch_de"><span>Top bewertete Weine</span></a>
</div>
</li>
<li><div class="widget block block-cms-link">
    <a href="https://www.moevenpick-wein.com/de/wein-des-jahres" title="Wein des Jahres ">
        <span>Wein des Jahres </span>
    </a>
</div>
</li>
<li><span style="color: #000000;"><div class="widget block block-cms-link">
    <a href="https://www.moevenpick-wein.com/de/weinwissen" title="Weinwissen">
        <span>Weinwissen</span>
    </a>
</div>
</span></li>
<li><div class="widget block block-cms-link">
    <a href="https://www.moevenpick-wein.com/de/zzysh" title="Zzysh Flaschenverschluss ">
        <span>Zzysh Flaschenverschluss </span>
    </a>
</div>
</li>
</ul>                            </div>
                        </td>
                    </tr>
                </tbody>
            </table>
        </div>
    </li>



    <li class="level0 nav-4" itemprop="name">
        <a class="level-top level0" href="https://www.moevenpick-wein.com/de/winzer-moevenpick" itemprop="url">
            Winzer        </a>
    </li>

    <li class="level0 nav-5 parent">
        <a class="level-top level0 has-children" href="https://www.moevenpick-wein.com/de/#">
            Geschenke &amp; Co.        </a>
        <div class="wine-menu wine-events image-links"><button type="button" class="btn-close" data-close=".wine-menu" style="right: -27px;"><svg><use xlink:href="#icon-x"></use></svg><span class="sr-only">CLOSE</span></button>
            <div class="container">
                <div><div class="widget block block-cms-link">
    <a href="https://www.moevenpick-wein.com/de/geschenkkarten" title="Geschenkkarten">
        <span>Geschenkkarten</span>
    </a>
</div>
<img src="./index_files/Geschenkkarten_Sonderangebote_v2_241x142.jpg" alt="Geschenkkarten&quot;"></div>
<div><div class="widget block block-cms-link">
    <a href="https://www.moevenpick-wein.com/de/geschenkservice" title="Geschenkservice">
        <span>Geschenkservice</span>
    </a>
</div>
<img src="./index_files/Geschenkservice_klein.jpg" alt="Geschenkservice"></div>
<div><div class="widget block block-category-link">
    <a href="https://www.moevenpick-wein.com/de/zubehoer.html?___store=ch_de"><span>Zubehör</span></a>
</div>
<img src="./index_files/Zubehoer_klein.jpg" alt="Zubehoer"></div>
<div><div class="widget block block-category-link">
    <a href="https://www.moevenpick-wein.com/de/delikatessen.html?___store=ch_de"><span>Delikatessen</span></a>
</div>
<img src="./index_files/Delikatessen_241x142.jpg" alt=""></div>            </div>
        </div>
    </li>

    <li class="level0 nav-6 parent">
        <a class="level-top level0 has-children" href="https://www.moevenpick-wein.com/de/#">
            Standorte        </a>
        <div class="wine-menu wine-cellar"><button type="button" class="btn-close" data-close=".wine-menu" style="right: -27px;"><svg><use xlink:href="#icon-x"></use></svg><span class="sr-only">CLOSE</span></button>

<table class="menu-table">
    <tbody>
    <tr>
        <td>
            <ul class="menu-items">


                                                        <li>
                        <span class="widget widget-category-link" itemprop="name">
                            <a href="https://www.moevenpick-wein.com/de/objects/subsidiary/finder/" itemprop="url">
                                Alle Standorte                            </a>
                        </span>
                    </li>
                                                    <li>
                        <span class="widget widget-category-link" itemprop="name">
                            <a href="https://www.moevenpick-wein.com/de/20-20-restaurant-im-1-stock" itemprop="url">
                                20/20 Restaurant (im 1. Stock)                            </a>
                        </span>
                    </li>


                                                    <li>
                        <span class="widget widget-category-link" itemprop="name">
                            <a href="https://www.moevenpick-wein.com/de/movenpick-wein-bar-im-eg" itemprop="url">
                                Mövenpick Wein-Bar (im EG)                            </a>
                        </span>
                    </li>


                                                    <li>
                        <span class="widget widget-category-link" itemprop="name">
                            <a href="https://www.moevenpick-wein.com/de/movenpick-weinkeller-basel" itemprop="url">
                                Mövenpick Weinkeller Basel                            </a>
                        </span>
                    </li>


                                                    <li>
                        <span class="widget widget-category-link" itemprop="name">
                            <a href="https://www.moevenpick-wein.com/de/movenpick-weinkeller-bern" itemprop="url">
                                Mövenpick Weinkeller Bern                            </a>
                        </span>
                    </li>


                                                    <li>
                        <span class="widget widget-category-link" itemprop="name">
                            <a href="https://www.moevenpick-wein.com/de/movenpick-weinkeller-biel" itemprop="url">
                                Mövenpick Weinkeller Biel                            </a>
                        </span>
                    </li>


                                                    <li>
                        <span class="widget widget-category-link" itemprop="name">
                            <a href="https://www.moevenpick-wein.com/de/movenpick-weinkeller-bursins" itemprop="url">
                                Mövenpick Weinkeller Bursins                            </a>
                        </span>
                    </li>


                                                    <li>
                        <span class="widget widget-category-link" itemprop="name">
                            <a href="https://www.moevenpick-wein.com/de/movenpick-weinkeller-crissier" itemprop="url">
                                Mövenpick Weinkeller Crissier                            </a>
                        </span>
                    </li>


                                                    <li>
                        <span class="widget widget-category-link" itemprop="name">
                            <a href="https://www.moevenpick-wein.com/de/moevenpick-weinkeller-emmen" itemprop="url">
                                Mövenpick Weinkeller Emmen                            </a>
                        </span>
                    </li>


                                                    <li>
                        <span class="widget widget-category-link" itemprop="name">
                            <a href="https://www.moevenpick-wein.com/de/movenpick-weinkeller-food-market-jelmoli" itemprop="url">
                                Mövenpick Weinkeller Food Market Jelmoli                            </a>
                        </span>
                    </li>

                                                        </ul>
        </td>
        <td>
            <ul class="menu-items">

                                                    <li>
                        <span class="widget widget-category-link" itemprop="name">
                            <a href="https://www.moevenpick-wein.com/de/movenpick-weinkeller-fribourg" itemprop="url">
                                Mövenpick Weinkeller Fribourg                            </a>
                        </span>
                    </li>


                                                    <li>
                        <span class="widget widget-category-link" itemprop="name">
                            <a href="https://www.moevenpick-wein.com/de/movenpick-weinkeller-genf" itemprop="url">
                                Mövenpick Weinkeller Genf                            </a>
                        </span>
                    </li>


                                                    <li>
                        <span class="widget widget-category-link" itemprop="name">
                            <a href="https://www.moevenpick-wein.com/de/moevenpick-weinkeller-genf-centre" itemprop="url">
                                Mövenpick Weinkeller Genf-Centre                            </a>
                        </span>
                    </li>


                                                    <li>
                        <span class="widget widget-category-link" itemprop="name">
                            <a href="https://www.moevenpick-wein.com/de/moevenpick-weinkeller-heimberg" itemprop="url">
                                Mövenpick Weinkeller Heimberg                            </a>
                        </span>
                    </li>


                                                    <li>
                        <span class="widget widget-category-link" itemprop="name">
                            <a href="https://www.moevenpick-wein.com/de/movenpick-weinkeller-kloten" itemprop="url">
                                Mövenpick Weinkeller Kloten                            </a>
                        </span>
                    </li>


                                                    <li>
                        <span class="widget widget-category-link" itemprop="name">
                            <a href="https://www.moevenpick-wein.com/de/movenpick-weinkeller-liechtenstein" itemprop="url">
                                Mövenpick Weinkeller Liechtenstein                            </a>
                        </span>
                    </li>


                                                    <li>
                        <span class="widget widget-category-link" itemprop="name">
                            <a href="https://www.moevenpick-wein.com/de/movenpick-weinkeller-luzern" itemprop="url">
                                Mövenpick Weinkeller Luzern                            </a>
                        </span>
                    </li>


                                                    <li>
                        <span class="widget widget-category-link" itemprop="name">
                            <a href="https://www.moevenpick-wein.com/de/movenpick-weinkeller-oftringen" itemprop="url">
                                Mövenpick Weinkeller Oftringen                            </a>
                        </span>
                    </li>


                                                    <li>
                        <span class="widget widget-category-link" itemprop="name">
                            <a href="https://www.moevenpick-wein.com/de/movenpick-weinkeller-pfaffikon" itemprop="url">
                                Mövenpick Weinkeller Pfäffikon                            </a>
                        </span>
                    </li>

                                                        </ul>
        </td>
        <td>
            <ul class="menu-items">

                                                    <li>
                        <span class="widget widget-category-link" itemprop="name">
                            <a href="https://www.moevenpick-wein.com/de/movenpick-weinkeller-reinach" itemprop="url">
                                Mövenpick Weinkeller Reinach                            </a>
                        </span>
                    </li>


                                                    <li>
                        <span class="widget widget-category-link" itemprop="name">
                            <a href="https://www.moevenpick-wein.com/de/movenpick-weinkeller-rotkreuz" itemprop="url">
                                Mövenpick Weinkeller Rotkreuz                            </a>
                        </span>
                    </li>


                                                    <li>
                        <span class="widget widget-category-link" itemprop="name">
                            <a href="https://www.moevenpick-wein.com/de/movenpick-weinkeller-st-gallen" itemprop="url">
                                Mövenpick Weinkeller St. Gallen                            </a>
                        </span>
                    </li>


                                                    <li>
                        <span class="widget widget-category-link" itemprop="name">
                            <a href="https://www.moevenpick-wein.com/de/movenpick-weinkeller-volketswil" itemprop="url">
                                Mövenpick Weinkeller Volketswil                            </a>
                        </span>
                    </li>


                                                    <li>
                        <span class="widget widget-category-link" itemprop="name">
                            <a href="https://www.moevenpick-wein.com/de/movenpick-weinkeller-wettingen" itemprop="url">
                                Mövenpick Weinkeller Wettingen                            </a>
                        </span>
                    </li>


                                                    <li>
                        <span class="widget widget-category-link" itemprop="name">
                            <a href="https://www.moevenpick-wein.com/de/movenpick-weinkeller-winterthur" itemprop="url">
                                Mövenpick Weinkeller Winterthur                            </a>
                        </span>
                    </li>


                                                    <li>
                        <span class="widget widget-category-link" itemprop="name">
                            <a href="https://www.moevenpick-wein.com/de/movenpick-weinkeller-zollikon" itemprop="url">
                                Mövenpick Weinkeller Zollikon                            </a>
                        </span>
                    </li>


                                                    <li>
                        <span class="widget widget-category-link" itemprop="name">
                            <a href="https://www.moevenpick-wein.com/de/movenpick-weinkeller-zug" itemprop="url">
                                Mövenpick Weinkeller Zug                            </a>
                        </span>
                    </li>


                                                    <li>
                        <span class="widget widget-category-link" itemprop="name">
                            <a href="https://www.moevenpick-wein.com/de/movenpick-weinkeller-zurich-enge" itemprop="url">
                                Mövenpick Weinkeller Zürich-Enge                            </a>
                        </span>
                    </li>
                            </ul>
        </td>
    </tr>
    </tbody>
</table>        </div>
    </li>

    <li class="level0 nav-7" itemprop="name">
        <a class="level-top level0" href="https://www.moevenpick-wein.com/de/objects/event/listing/" itemprop="url">
            Events        </a>
    </li>

        <li class="level0 nav-8 " itemprop="name" id="styla-magazine">
        <a class="level-top level0" href="https://www.moevenpick-wein.com/de/magazin" itemprop="url">
            Magazin        </a>
    </li>

    <li class="language-nav level0 nav-9 " itemprop="name">
                    <a class="language-ch_de current" href="https://www.moevenpick-wein.com/de/">
                <svg>
                    <use xmlns:xlink="http://www.w3.org/1999/xlink" xlink:href="#icon-location"></use>
                </svg>

                DE            </a>
                    <a class="language-ch_fr " href="https://www.moevenpick-wein.com/fr/home">
                <svg>
                    <use xmlns:xlink="http://www.w3.org/1999/xlink" xlink:href="#icon-location"></use>
                </svg>

                FR            </a>
            </li>
</ul>
</nav></header><div class="dummy-header"></div><div class="main-content">

                                    <style>
                .top-slider {
                    margin: 0 auto;
                                    }

                @media (max-width: 767px) {
                    .top-slider {
                                            }
                }
            </style>
            <div class="top-slider">
                                <div id="image-slider-2" class="main-slider slick-initialized slick-slider slick-dotted" role="toolbar">
                                                                                        <div aria-live="polite" class="slick-list draggable"><div class="slick-track" style="opacity: 1; width: 11430px;" role="listbox"><div class="slick-slide" data-slick-index="0" aria-hidden="true" style="width: 1905px; position: relative; left: 0px; top: 0px; z-index: 998; opacity: 0; transition: opacity 500ms ease 0s;" tabindex="-1" role="option" aria-describedby="slick-slide20">
                            <div class="slider-background left visible-md visible-lg" aria-hidden="true">
                                <img src="./index_files/Slider_Webseite_Desktop_1920x320-geoeffnet_1.jpg" title="Coronavirus: Informationen" alt="Coronavirus: Informationen">
                            </div>

                            <div class="main-image-container"><button type="button" data-role="none" class="slick-prev slick-arrow" aria-label="Previous" role="button" tabindex="-1">Previous</button>
                                                                                            <a href="https://www.moevenpick-wein.com/de/magazin/inside-moevenpick-3636/coronavirus" rel="nofollow" tabindex="-1">

                            <img src="./index_files/Slider_Webseite_Desktop_1920x320-geoeffnet_1.jpg" title="Coronavirus: Informationen" alt="Coronavirus: Informationen" class="main-image hidden-xs">

                        <img src="./index_files/Slider_Webseite_Mobile_817x512-geoeffnet_1_.jpg" title="Coronavirus: Informationen" alt="Coronavirus: Informationen" class="main-image visible-xs">

                            </a>
                            <button type="button" data-role="none" class="slick-next slick-arrow" aria-label="Next" role="button" tabindex="-1">Next</button></div>

                            <div class="slider-background right visible-md visible-lg" aria-hidden="true">
                                <img src="./index_files/Slider_Webseite_Desktop_1920x320-geoeffnet_1.jpg" title="Coronavirus: Informationen" alt="Coronavirus: Informationen">
                            </div>
                        </div><div class="slick-slide" data-slick-index="1" aria-hidden="true" style="width: 1905px; position: relative; left: -1905px; top: 0px; z-index: 998; opacity: 0; transition: opacity 500ms ease 0s;" tabindex="-1" role="option" aria-describedby="slick-slide21">
                            <div class="slider-background left visible-md visible-lg" aria-hidden="true">
                                <img src="./index_files/Italien_1_Slider_Webseite_Desktop_CTA_1920x320.jpg" title="Italien" alt="Italien">
                            </div>

                            <div class="main-image-container"><button type="button" data-role="none" class="slick-prev slick-arrow" aria-label="Previous" role="button" tabindex="-1">Previous</button>
                                                                                            <a href="https://www.moevenpick-wein.com/de/aktuelle-angebote/italien-i-2020.html" rel="nofollow" tabindex="-1">

                            <img src="./index_files/Italien_1_Slider_Webseite_Desktop_CTA_1920x320.jpg" title="Italien" alt="Italien" class="main-image hidden-xs">

                        <img src="./index_files/Italien_1_Slider_Webseite_Mobile_817x512_2.jpg" title="Italien" alt="Italien" class="main-image visible-xs">

                            </a>
                            <button type="button" data-role="none" class="slick-next slick-arrow" aria-label="Next" role="button" tabindex="-1">Next</button></div>

                            <div class="slider-background right visible-md visible-lg" aria-hidden="true">
                                <img src="./index_files/Italien_1_Slider_Webseite_Desktop_CTA_1920x320.jpg" title="Italien" alt="Italien">
                            </div>
                        </div><div class="slick-slide" data-slick-index="2" aria-hidden="true" style="width: 1905px; position: relative; left: -3810px; top: 0px; z-index: 998; opacity: 0; transition: opacity 500ms ease 0s;" tabindex="-1" role="option" aria-describedby="slick-slide22">
                            <div class="slider-background left visible-md visible-lg" aria-hidden="true">
                                <img src="./index_files/Spring_Offer_Slider_Webseite_Desktop_CTA_1920x320.jpg" title="Spring Offer" alt="Spring Offer">
                            </div>

                            <div class="main-image-container"><button type="button" data-role="none" class="slick-prev slick-arrow" aria-label="Previous" role="button" tabindex="-1">Previous</button>
                                                                                            <a href="https://www.moevenpick-wein.com/de/aktuelle-angebote/spring-offer-2020.html" rel="nofollow" tabindex="-1">

                            <img src="./index_files/Spring_Offer_Slider_Webseite_Desktop_CTA_1920x320.jpg" title="Spring Offer" alt="Spring Offer" class="main-image hidden-xs">

                        <img src="./index_files/Spring_Offer_Slider_Webseite_Mobile_CTA_817x512_2.jpg" title="Spring Offer" alt="Spring Offer" class="main-image visible-xs">

                            </a>
                            <button type="button" data-role="none" class="slick-next slick-arrow" aria-label="Next" role="button" tabindex="-1">Next</button></div>

                            <div class="slider-background right visible-md visible-lg" aria-hidden="true">
                                <img src="./index_files/Spring_Offer_Slider_Webseite_Desktop_CTA_1920x320.jpg" title="Spring Offer" alt="Spring Offer">
                            </div>
                        </div><div class="slick-slide" data-slick-index="3" aria-hidden="true" style="width: 1905px; position: relative; left: -5715px; top: 0px; z-index: 998; opacity: 0; transition: opacity 500ms ease 0s;" tabindex="-1" role="option" aria-describedby="slick-slide23">
                            <div class="slider-background left visible-md visible-lg" aria-hidden="true">
                                <img src="./index_files/Slider_Webseite_Desktop_CTA_1920x320_1.jpg" title="Weinfach - der Podcast von Mövenpick Wein" alt="Weinfach - der Podcast von Mövenpick Wein">
                            </div>

                            <div class="main-image-container"><button type="button" data-role="none" class="slick-prev slick-arrow" aria-label="Previous" role="button" tabindex="-1">Previous</button>
                                                                                            <a href="https://www.moevenpick-wein.com/de/weinfach" rel="nofollow" tabindex="-1">

                            <img src="./index_files/Slider_Webseite_Desktop_CTA_1920x320_1.jpg" title="Weinfach - der Podcast von Mövenpick Wein" alt="Weinfach - der Podcast von Mövenpick Wein" class="main-image hidden-xs">

                        <img src="./index_files/Slider_Webseite_Mobile_CTA_817x512_2.jpg" title="Weinfach - der Podcast von Mövenpick Wein" alt="Weinfach - der Podcast von Mövenpick Wein" class="main-image visible-xs">

                            </a>
                            <button type="button" data-role="none" class="slick-next slick-arrow" aria-label="Next" role="button" tabindex="-1">Next</button></div>

                            <div class="slider-background right visible-md visible-lg" aria-hidden="true">
                                <img src="./index_files/Slider_Webseite_Desktop_CTA_1920x320_1.jpg" title="Weinfach - der Podcast von Mövenpick Wein" alt="Weinfach - der Podcast von Mövenpick Wein">
                            </div>
                        </div><div class="slick-slide" data-slick-index="4" aria-hidden="true" style="width: 1905px; position: relative; left: -7620px; top: 0px; z-index: 998; opacity: 0; transition: opacity 500ms ease 0s;" tabindex="-1" role="option" aria-describedby="slick-slide24">
                            <div class="slider-background left visible-md visible-lg" aria-hidden="true">
                                <img src="./index_files/WdJ_Slider_Webseite_Desktop_1920x320.jpg" title="Wein des Jahres" alt="Wein des Jahres ">
                            </div>

                            <div class="main-image-container"><button type="button" data-role="none" class="slick-prev slick-arrow" aria-label="Previous" role="button" tabindex="-1">Previous</button>
                                                                                            <a href="https://www.moevenpick-wein.com/de/catalog/product/view/id/17557/s/2017%20Primitivo%20di%20Manduria%20DOP%20Poggio%20Pasano%20Cantina%20Sava/" rel="nofollow" tabindex="-1">

                            <img src="./index_files/WdJ_Slider_Webseite_Desktop_1920x320.jpg" title="Wein des Jahres" alt="Wein des Jahres " class="main-image hidden-xs">

                        <img src="./index_files/WdJ_Slider_Webseite_Mobile_817x512_3.jpg" title="Wein des Jahres" alt="Wein des Jahres " class="main-image visible-xs">

                            </a>
                            <button type="button" data-role="none" class="slick-next slick-arrow" aria-label="Next" role="button" tabindex="-1">Next</button></div>

                            <div class="slider-background right visible-md visible-lg" aria-hidden="true">
                                <img src="./index_files/WdJ_Slider_Webseite_Desktop_1920x320.jpg" title="Wein des Jahres" alt="Wein des Jahres ">
                            </div>
                        </div><div class="slick-slide slick-current slick-active" data-slick-index="5" aria-hidden="false" style="width: 1905px; position: relative; left: -9525px; top: 0px; z-index: 999; opacity: 1;" tabindex="-1" role="option" aria-describedby="slick-slide25">
                            <div class="slider-background left visible-md visible-lg" aria-hidden="true">
                                <img src="./index_files/Slider_Webseite_Desktop_CTA_1920x320-CH.jpg" title="Alleskönner" alt="Alleskönner">
                            </div>

                            <div class="main-image-container"><button type="button" data-role="none" class="slick-prev slick-arrow" aria-label="Previous" role="button" style="display: block;" tabindex="0">Previous</button>
                                                                                            <a href="https://www.moevenpick-wein.com/de/alleskoenner" rel="nofollow" tabindex="0">

                            <img src="./index_files/Slider_Webseite_Desktop_CTA_1920x320-CH.jpg" title="Alleskönner" alt="Alleskönner" class="main-image hidden-xs">

                        <img src="./index_files/Slider_Webseite_Mobile_CTA_817x512-CH_1.jpg" title="Alleskönner" alt="Alleskönner" class="main-image visible-xs">

                            </a>
                            <button type="button" data-role="none" class="slick-next slick-arrow" aria-label="Next" role="button" style="display: block;" tabindex="0">Next</button></div>

                            <div class="slider-background right visible-md visible-lg" aria-hidden="true">
                                <img src="./index_files/Slider_Webseite_Desktop_CTA_1920x320-CH.jpg" title="Alleskönner" alt="Alleskönner">
                            </div>
                        </div></div></div>











                                    <ul class="slick-dots" style="display: block;" role="tablist"><li class="" aria-hidden="true" role="presentation" aria-selected="true" aria-controls="navigation20" id="slick-slide20"><button type="button" data-role="none" role="button" tabindex="0">1</button></li><li aria-hidden="true" role="presentation" aria-selected="false" aria-controls="navigation21" id="slick-slide21" class=""><button type="button" data-role="none" role="button" tabindex="0">2</button></li><li aria-hidden="true" role="presentation" aria-selected="false" aria-controls="navigation22" id="slick-slide22" class=""><button type="button" data-role="none" role="button" tabindex="0">3</button></li><li aria-hidden="true" role="presentation" aria-selected="false" aria-controls="navigation23" id="slick-slide23" class=""><button type="button" data-role="none" role="button" tabindex="0">4</button></li><li aria-hidden="true" role="presentation" aria-selected="false" aria-controls="navigation24" id="slick-slide24" class=""><button type="button" data-role="none" role="button" tabindex="0">5</button></li><li aria-hidden="false" role="presentation" aria-selected="false" aria-controls="navigation25" id="slick-slide25" class="slick-active"><button type="button" data-role="none" role="button" tabindex="0">6</button></li></ul></div>
            </div>







<main id="maincontent"><div class="col-main">
<div class="page-messages-container"><div data-placeholder="messages"></div>
<div data-bind="scope: &#39;messages&#39;">
    <div data-bind="foreach: { data: cookieMessages, as: &#39;message&#39; }" class="messages"></div>
    <div data-bind="foreach: { data: messages().messages, as: &#39;message&#39; }" class="messages"></div>
</div>

</div><div class="std"><input name="form_key" type="hidden" value="RjTXfPsQpjzDo3iy">






<section class="content-section">
<div class="content-section__inner">        <div class="product-slider-container-wrapper">
        <div class="product-slider-container">
                                        <span class="product-slider-headline">Unsere Topseller</span>

            <ul class="products-slider row slick-initialized slick-slider"><button type="button" data-role="none" class="slick-prev slick-arrow" aria-label="Previous" role="button" style="display: block;">Previous</button>


                    <div aria-live="polite" class="slick-list draggable"><div class="slick-track" style="opacity: 1; width: 6400px; transform: translate3d(-1920px, 0px, 0px);" role="listbox"><li class="item slick-slide slick-cloned" data-slick-index="-6" aria-hidden="true" tabindex="-1" style="width: 320px;">
                        <div class="product-box">
                            <div class="banner">
                                                                    <p class="cellar-name">USA | Kalifornien</p>
                                                            </div>

                            <h2 class="product-name">
                                <a href="https://www.moevenpick-wein.com/de/2017-six-eight-nine-napa-valley-689-cellars.html" title="2017 Six Eight Nine Napa Valley 689 Cellars" tabindex="-1">
                                    <span class="product-name-1">2017 Six Eight Nine</span>
                                </a>
                            </h2>

                            <div class="wr-product">
                                <div class="product-box-image col-xs-4">
                                    <a href="https://www.moevenpick-wein.com/de/2017-six-eight-nine-napa-valley-689-cellars.html" class="p-image" tabindex="-1">

<span class="product-image-container" style="width:60px;">
    <span class="product-image-wrapper">
        <img class="product-image-photo" src="./index_files/4657_g.png" width="60" height="180" alt="2017 Six Eight Nine Napa Valley 689 Cellars 750.00"></span>
</span>
                                    </a>
                                                                            <div class="flags">
                                                                                            <p>
                                                    <span class="discount-tag small">
                                                        12%                                                    </span>
                                                </p>
                                                                                    </div>
                                                                    </div>

                                <div class="product-box-details col-xs-8">
                                    <p class="product-name">
                                        <span class="product-name-part">Napa Valley</span>
                                        <span class="product-name-part">689 Cellars</span>
                                    </p>


                                    <p class="rating-score">
                                        Score                                        18.5/20                                    </p>

                                    <div class="price-box">
                                        <div id="" class="price-wrapper priceline">
                                            <div class="price-box price-final_price" data-role="priceBox" data-product-id="15363">
    <span class="special-price">

<span class="price-container price-final_price tax weee">
            <span class="price-label">Sonderangebot</span>
        <span id="" data-price-amount="23" data-price-type="finalPrice" class="price-wrapper ">
        <span class="price">CHF&nbsp;23.00</span>    </span>
        </span>
    </span>
                <meta itemprop="priceValidUntil" content="2020-04-05T00:00:00+0000">
        <span class="old-price">

<span class="price-container price-final_price tax weee">
            <span class="price-label">Normalpreis</span>
        <span id="" data-price-amount="26" data-price-type="oldPrice" class="price-wrapper ">
        <span class="price">CHF&nbsp;26.00</span>    </span>
        </span>
    </span>
<meta itemprop="url" content="https://www.moevenpick-wein.com/de/">
</div>                                        </div>

                                                                                    <span class="bottle-size" id="">
                                                                                                75 cl                                            </span>

                                                                                    <span class="base-price">
                                                (CHF&nbsp;30.67 / l)
                                            </span>

                                        <span class="tax-note">
                                            <div class="label-including-taxes">
                                                Preis inkl. Mwst.,                                            </div>
                                            <a href="https://www.moevenpick-wein.com/de/versand" onclick="window.open(this.href);return false;" tabindex="-1">
                                                zzgl. Versand                                            </a>
                                        </span>
                                    </div>
                                </div>

                                                                    <div class="selling-point">
                                        <span>Best Value aus dem Napa Valley</span>
                                        <span class="link-to-details"><a href="https://www.moevenpick-wein.com/de/2017-six-eight-nine-napa-valley-689-cellars.html" tabindex="-1">Details</a></span>
                                    </div>
                                                            </div>

                            <div class="add-to-box">
                                                                                                        <form data-role="productwidget-tocart-form" action="https://www.moevenpick-wein.com/de/checkout/cart/add/uenc/aHR0cHM6Ly93d3cubW9ldmVucGljay13ZWluLmNvbS9kZS8%2C/product/15387/" method="post">
                                        <input type="hidden" name="product" value="15387" tabindex="-1">
                                        <input type="hidden" name="uenc" value="aHR0cHM6Ly93d3cubW9ldmVucGljay13ZWluLmNvbS9kZS9jaGVja291dC9jYXJ0L2FkZC91ZW5jL2FIUjBjSE02THk5M2QzY3ViVzlsZG1WdWNHbGpheTEzWldsdUxtTnZiUzlrWlM4JTJDL3Byb2R1Y3QvMTUzODcv" tabindex="-1">
                                        <input name="form_key" type="hidden" value="RjTXfPsQpjzDo3iy" tabindex="-1">                                                                                    <input name="super_attribute[175]" value="91" style="visibility: hidden; position:absolute; left:-1000px" type="text" tabindex="-1">
                                            <input name="super_attribute[187]" value="243" style="visibility: hidden; position:absolute; left:-1000px" type="text" tabindex="-1">
                                                                                <div class="buttonline">

                                            <span class="ui-spinner ui-widget ui-widget-content ui-corner-all"><input class="input-text qty ui-spinner-input" type="number" name="qty" min="1" value="6" aria-valuemin="1" aria-valuenow="6" autocomplete="off" role="spinbutton" tabindex="-1"><a class="ui-spinner-button ui-spinner-up ui-corner-tr ui-button ui-widget ui-state-default ui-button-text-only" tabindex="-1" role="button" aria-disabled="false"><span class="ui-button-text">▲</span></a><a class="ui-spinner-button ui-spinner-down ui-corner-br ui-button ui-widget ui-state-default ui-button-text-only" tabindex="-1" role="button" aria-disabled="false"><span class="ui-button-text">▼</span></a></span>

                                            <button type="submit" title="In den Warenkorb" class="button btn-cart primary action tocart" tabindex="-1">
                                                <svg class="logo-moev"><use xlink:href="#icon-cart"></use></svg>
                                                <span>In den Warenkorb</span>
                                            </button>
                                                                                                                                                <a href="https://www.moevenpick-wein.com/de/#" class="action towishlist btn btn-wishlist primary-invert" title="Zur Merkliste hinzufügen" aria-label="Zur Merkliste hinzufügen" data-post="{&quot;action&quot;:&quot;https:\/\/www.moevenpick-wein.com\/de\/guestwishlist\/index\/add\/&quot;,&quot;data&quot;:{&quot;product&quot;:&quot;15387&quot;,&quot;super_attribute[175]&quot;:&quot;91&quot;,&quot;super_attribute[187]&quot;:&quot;243&quot;,&quot;uenc&quot;:&quot;aHR0cHM6Ly93d3cubW9ldmVucGljay13ZWluLmNvbS9kZS8,&quot;}}" data-action="add-to-wishlist" role="button" tabindex="-1">
        <svg class="logo-moev"><use xlink:href="#icon-heart"></use></svg>
        <span>Zur Merkliste hinzufügen</span>
    </a>
                                                                                    </div>
                                    </form>
                                                            </div>

                        </div>
                    </li><li class="item slick-slide slick-cloned" data-slick-index="-5" aria-hidden="true" tabindex="-1" style="width: 320px;">
                        <div class="product-box">
                            <div class="banner">
                                                                    <p class="cellar-name">Italien | Toskana</p>
                                                            </div>

                            <h2 class="product-name">
                                <a href="https://www.moevenpick-wein.com/de/2017-il-seggio-rosso-bolgheri-doc-marilisa-allegrini-poggio-al-tesoro.html" title="2017 Il Seggio Rosso Bolgheri DOC Marilisa Allegrini Poggio al Tesoro" tabindex="-1">
                                    <span class="product-name-1">2017 Il Seggio</span>
                                </a>
                            </h2>

                            <div class="wr-product">
                                <div class="product-box-image col-xs-4">
                                    <a href="https://www.moevenpick-wein.com/de/2017-il-seggio-rosso-bolgheri-doc-marilisa-allegrini-poggio-al-tesoro.html" class="p-image" tabindex="-1">

<span class="product-image-container" style="width:60px;">
    <span class="product-image-wrapper">
        <img class="product-image-photo" src="./index_files/9492.png" width="60" height="180" alt="2017 Il Seggio Rosso Bolgheri DOC Marilisa Allegrini Poggio al Tesoro 750.00"></span>
</span>
                                    </a>
                                                                            <div class="flags">
                                                                                            <p>
                                                    <span class="discount-tag small">
                                                        22%                                                    </span>
                                                </p>
                                                                                    </div>
                                                                    </div>

                                <div class="product-box-details col-xs-8">
                                    <p class="product-name">
                                        <span class="product-name-part">Rosso Bolgheri DOC</span>
                                        <span class="product-name-part">Marilisa Allegrini</span>
                                    </p>


                                    <p class="rating-score">
                                        Score                                        18.5/20                                    </p>

                                    <div class="price-box">
                                        <div id="" class="price-wrapper priceline">
                                            <div class="price-box price-final_price" data-role="priceBox" data-product-id="18891">
    <span class="special-price">

<span class="price-container price-final_price tax weee">
            <span class="price-label">Sonderangebot</span>
        <span id="" data-price-amount="22.4" data-price-type="finalPrice" class="price-wrapper ">
        <span class="price">CHF&nbsp;22.40</span>    </span>
        </span>
    </span>
                <meta itemprop="priceValidUntil" content="2020-04-26T00:00:00+0000">
        <span class="old-price">

<span class="price-container price-final_price tax weee">
            <span class="price-label">Normalpreis</span>
        <span id="" data-price-amount="28.8" data-price-type="oldPrice" class="price-wrapper ">
        <span class="price">CHF&nbsp;28.80</span>    </span>
        </span>
    </span>
<meta itemprop="url" content="https://www.moevenpick-wein.com/de/">
</div>                                        </div>

                                                                                    <span class="bottle-size" id="">
                                                                                                75 cl                                            </span>

                                                                                    <span class="base-price">
                                                (CHF&nbsp;29.87 / l)
                                            </span>

                                        <span class="tax-note">
                                            <div class="label-including-taxes">
                                                Preis inkl. Mwst.,                                            </div>
                                            <a href="https://www.moevenpick-wein.com/de/versand" onclick="window.open(this.href);return false;" tabindex="-1">
                                                zzgl. Versand                                            </a>
                                        </span>
                                    </div>
                                </div>

                                                                    <div class="selling-point">
                                        <span>Allegrini macht im Bolgheri Furore</span>
                                        <span class="link-to-details"><a href="https://www.moevenpick-wein.com/de/2017-il-seggio-rosso-bolgheri-doc-marilisa-allegrini-poggio-al-tesoro.html" tabindex="-1">Details</a></span>
                                    </div>
                                                            </div>

                            <div class="add-to-box">
                                                                                                        <form data-role="productwidget-tocart-form" action="https://www.moevenpick-wein.com/de/checkout/cart/add/uenc/aHR0cHM6Ly93d3cubW9ldmVucGljay13ZWluLmNvbS9kZS8%2C/product/18894/" method="post">
                                        <input type="hidden" name="product" value="18894" tabindex="-1">
                                        <input type="hidden" name="uenc" value="aHR0cHM6Ly93d3cubW9ldmVucGljay13ZWluLmNvbS9kZS9jaGVja291dC9jYXJ0L2FkZC91ZW5jL2FIUjBjSE02THk5M2QzY3ViVzlsZG1WdWNHbGpheTEzWldsdUxtTnZiUzlrWlM4JTJDL3Byb2R1Y3QvMTg4OTQv" tabindex="-1">
                                        <input name="form_key" type="hidden" value="RjTXfPsQpjzDo3iy" tabindex="-1">                                                                                    <input name="super_attribute[175]" value="91" style="visibility: hidden; position:absolute; left:-1000px" type="text" tabindex="-1">
                                            <input name="super_attribute[187]" value="274" style="visibility: hidden; position:absolute; left:-1000px" type="text" tabindex="-1">
                                                                                <div class="buttonline">

                                            <span class="ui-spinner ui-widget ui-widget-content ui-corner-all"><input class="input-text qty ui-spinner-input" type="number" name="qty" min="1" value="6" aria-valuemin="1" aria-valuenow="6" autocomplete="off" role="spinbutton" tabindex="-1"><a class="ui-spinner-button ui-spinner-up ui-corner-tr ui-button ui-widget ui-state-default ui-button-text-only" tabindex="-1" role="button" aria-disabled="false"><span class="ui-button-text">▲</span></a><a class="ui-spinner-button ui-spinner-down ui-corner-br ui-button ui-widget ui-state-default ui-button-text-only" tabindex="-1" role="button" aria-disabled="false"><span class="ui-button-text">▼</span></a></span>

                                            <button type="submit" title="In den Warenkorb" class="button btn-cart primary action tocart" tabindex="-1">
                                                <svg class="logo-moev"><use xlink:href="#icon-cart"></use></svg>
                                                <span>In den Warenkorb</span>
                                            </button>
                                                                                                                                                <a href="https://www.moevenpick-wein.com/de/#" class="action towishlist btn btn-wishlist primary-invert" title="Zur Merkliste hinzufügen" aria-label="Zur Merkliste hinzufügen" data-post="{&quot;action&quot;:&quot;https:\/\/www.moevenpick-wein.com\/de\/guestwishlist\/index\/add\/&quot;,&quot;data&quot;:{&quot;product&quot;:&quot;18894&quot;,&quot;super_attribute[175]&quot;:&quot;91&quot;,&quot;super_attribute[187]&quot;:&quot;274&quot;,&quot;uenc&quot;:&quot;aHR0cHM6Ly93d3cubW9ldmVucGljay13ZWluLmNvbS9kZS8,&quot;}}" data-action="add-to-wishlist" role="button" tabindex="-1">
        <svg class="logo-moev"><use xlink:href="#icon-heart"></use></svg>
        <span>Zur Merkliste hinzufügen</span>
    </a>
                                                                                    </div>
                                    </form>
                                                            </div>

                        </div>
                    </li><li class="item slick-slide slick-cloned" data-slick-index="-4" aria-hidden="true" tabindex="-1" style="width: 320px;">
                        <div class="product-box">
                            <div class="banner">
                                                                    <p class="cellar-name">USA | Kalifornien</p>
                                                            </div>

                            <h2 class="product-name">
                                <a href="https://www.moevenpick-wein.com/de/2017-disciples-napa-valley-the-crane-assembly.html" title="2017 Disciples Napa Valley The Crane Assembly" tabindex="-1">
                                    <span class="product-name-1">2017 Disciples</span>
                                </a>
                            </h2>

                            <div class="wr-product">
                                <div class="product-box-image col-xs-4">
                                    <a href="https://www.moevenpick-wein.com/de/2017-disciples-napa-valley-the-crane-assembly.html" class="p-image" tabindex="-1">

<span class="product-image-container" style="width:60px;">
    <span class="product-image-wrapper">
        <img class="product-image-photo" src="./index_files/8677_14.png" width="60" height="180" alt="2017 Disciples Napa Valley The Crane Assembly 750.00"></span>
</span>
                                    </a>
                                                                            <div class="flags">
                                                                                            <p>
                                                    <span class="discount-tag small">
                                                        20%                                                    </span>
                                                </p>
                                                                                    </div>
                                                                    </div>

                                <div class="product-box-details col-xs-8">
                                    <p class="product-name">
                                        <span class="product-name-part">Napa Valley</span>
                                        <span class="product-name-part">The Crane Assembly</span>
                                    </p>


                                    <p class="rating-score">
                                        Score                                        19/20                                    </p>

                                    <div class="price-box">
                                        <div id="" class="price-wrapper priceline">
                                            <div class="price-box price-final_price" data-role="priceBox" data-product-id="18941">
    <span class="special-price">

<span class="price-container price-final_price tax weee">
            <span class="price-label">Sonderangebot</span>
        <span id="" data-price-amount="55" data-price-type="finalPrice" class="price-wrapper ">
        <span class="price">CHF&nbsp;55.00</span>    </span>
        </span>
    </span>
                <meta itemprop="priceValidUntil" content="2020-04-05T00:00:00+0000">
        <span class="old-price">

<span class="price-container price-final_price tax weee">
            <span class="price-label">Normalpreis</span>
        <span id="" data-price-amount="69" data-price-type="oldPrice" class="price-wrapper ">
        <span class="price">CHF&nbsp;69.00</span>    </span>
        </span>
    </span>
<meta itemprop="url" content="https://www.moevenpick-wein.com/de/">
</div>                                        </div>

                                                                                    <span class="bottle-size" id="">
                                                                                                75 cl                                            </span>

                                                                                    <span class="base-price">
                                                (CHF&nbsp;73.33 / l)
                                            </span>

                                        <span class="tax-note">
                                            <div class="label-including-taxes">
                                                Preis inkl. Mwst.,                                            </div>
                                            <a href="https://www.moevenpick-wein.com/de/versand" onclick="window.open(this.href);return false;" tabindex="-1">
                                                zzgl. Versand                                            </a>
                                        </span>
                                    </div>
                                </div>

                                                                    <div class="selling-point">
                                        <span>Besticht durch Finesse und berauschende Tahiti Crème</span>
                                        <span class="link-to-details"><a href="https://www.moevenpick-wein.com/de/2017-disciples-napa-valley-the-crane-assembly.html" tabindex="-1">Details</a></span>
                                    </div>
                                                            </div>

                            <div class="add-to-box">
                                                                                                        <form data-role="productwidget-tocart-form" action="https://www.moevenpick-wein.com/de/checkout/cart/add/uenc/aHR0cHM6Ly93d3cubW9ldmVucGljay13ZWluLmNvbS9kZS8%2C/product/18952/" method="post">
                                        <input type="hidden" name="product" value="18952" tabindex="-1">
                                        <input type="hidden" name="uenc" value="aHR0cHM6Ly93d3cubW9ldmVucGljay13ZWluLmNvbS9kZS9jaGVja291dC9jYXJ0L2FkZC91ZW5jL2FIUjBjSE02THk5M2QzY3ViVzlsZG1WdWNHbGpheTEzWldsdUxtTnZiUzlrWlM4JTJDL3Byb2R1Y3QvMTg5NTIv" tabindex="-1">
                                        <input name="form_key" type="hidden" value="RjTXfPsQpjzDo3iy" tabindex="-1">                                                                                    <input name="super_attribute[175]" value="91" style="visibility: hidden; position:absolute; left:-1000px" type="text" tabindex="-1">
                                            <input name="super_attribute[187]" value="243" style="visibility: hidden; position:absolute; left:-1000px" type="text" tabindex="-1">
                                                                                <div class="buttonline">

                                            <span class="ui-spinner ui-widget ui-widget-content ui-corner-all"><input class="input-text qty ui-spinner-input" type="number" name="qty" min="1" value="6" aria-valuemin="1" aria-valuenow="6" autocomplete="off" role="spinbutton" tabindex="-1"><a class="ui-spinner-button ui-spinner-up ui-corner-tr ui-button ui-widget ui-state-default ui-button-text-only" tabindex="-1" role="button" aria-disabled="false"><span class="ui-button-text">▲</span></a><a class="ui-spinner-button ui-spinner-down ui-corner-br ui-button ui-widget ui-state-default ui-button-text-only" tabindex="-1" role="button" aria-disabled="false"><span class="ui-button-text">▼</span></a></span>

                                            <button type="submit" title="In den Warenkorb" class="button btn-cart primary action tocart" tabindex="-1">
                                                <svg class="logo-moev"><use xlink:href="#icon-cart"></use></svg>
                                                <span>In den Warenkorb</span>
                                            </button>
                                                                                                                                                <a href="https://www.moevenpick-wein.com/de/#" class="action towishlist btn btn-wishlist primary-invert" title="Zur Merkliste hinzufügen" aria-label="Zur Merkliste hinzufügen" data-post="{&quot;action&quot;:&quot;https:\/\/www.moevenpick-wein.com\/de\/guestwishlist\/index\/add\/&quot;,&quot;data&quot;:{&quot;product&quot;:&quot;18952&quot;,&quot;super_attribute[175]&quot;:&quot;91&quot;,&quot;super_attribute[187]&quot;:&quot;243&quot;,&quot;uenc&quot;:&quot;aHR0cHM6Ly93d3cubW9ldmVucGljay13ZWluLmNvbS9kZS8,&quot;}}" data-action="add-to-wishlist" role="button" tabindex="-1">
        <svg class="logo-moev"><use xlink:href="#icon-heart"></use></svg>
        <span>Zur Merkliste hinzufügen</span>
    </a>
                                                                                    </div>
                                    </form>
                                                            </div>

                        </div>
                    </li><li class="item slick-slide slick-cloned" data-slick-index="-3" aria-hidden="true" tabindex="-1" style="width: 320px;">
                        <div class="product-box">
                            <div class="banner">
                                                                    <p class="cellar-name">Italien | Piemont</p>
                                                            </div>

                            <h2 class="product-name">
                                <a href="https://www.moevenpick-wein.com/de/2017-pomorosso-nizza-docg-coppo.html" title="2017 Pomorosso Nizza DOCG Coppo" tabindex="-1">
                                    <span class="product-name-1">2017 Pomorosso</span>
                                </a>
                            </h2>

                            <div class="wr-product">
                                <div class="product-box-image col-xs-4">
                                    <a href="https://www.moevenpick-wein.com/de/2017-pomorosso-nizza-docg-coppo.html" class="p-image" tabindex="-1">

<span class="product-image-container" style="width:60px;">
    <span class="product-image-wrapper">
        <img class="product-image-photo" src="./index_files/2120_16.png" width="60" height="180" alt="2017 Pomorosso Nizza DOCG Coppo 750.00"></span>
</span>
                                    </a>
                                                                            <div class="flags">
                                                                                            <p>
                                                    <span class="discount-tag small">
                                                        20%                                                    </span>
                                                </p>
                                                                                    </div>
                                                                    </div>

                                <div class="product-box-details col-xs-8">
                                    <p class="product-name">
                                        <span class="product-name-part">Nizza DOCG</span>
                                        <span class="product-name-part">Coppo</span>
                                    </p>


                                    <p class="rating-score">
                                        Gambero Rosso                                        3/3                                    </p>

                                    <div class="price-box">
                                        <div id="" class="price-wrapper priceline">
                                            <div class="price-box price-final_price" data-role="priceBox" data-product-id="17780">
    <span class="special-price">

<span class="price-container price-final_price tax weee">
            <span class="price-label">Sonderangebot</span>
        <span id="" data-price-amount="47" data-price-type="finalPrice" class="price-wrapper ">
        <span class="price">CHF&nbsp;47.00</span>    </span>
        </span>
    </span>
                <meta itemprop="priceValidUntil" content="2020-04-26T00:00:00+0000">
        <span class="old-price">

<span class="price-container price-final_price tax weee">
            <span class="price-label">Normalpreis</span>
        <span id="" data-price-amount="59" data-price-type="oldPrice" class="price-wrapper ">
        <span class="price">CHF&nbsp;59.00</span>    </span>
        </span>
    </span>
<meta itemprop="url" content="https://www.moevenpick-wein.com/de/">
</div>                                        </div>

                                                                                    <span class="bottle-size" id="">
                                                                                                75 cl                                            </span>

                                                                                    <span class="base-price">
                                                (CHF&nbsp;62.67 / l)
                                            </span>

                                        <span class="tax-note">
                                            <div class="label-including-taxes">
                                                Preis inkl. Mwst.,                                            </div>
                                            <a href="https://www.moevenpick-wein.com/de/versand" onclick="window.open(this.href);return false;" tabindex="-1">
                                                zzgl. Versand                                            </a>
                                        </span>
                                    </div>
                                </div>

                                                                    <div class="selling-point">
                                        <span>Barbera-Ikone von Coppo</span>
                                        <span class="link-to-details"><a href="https://www.moevenpick-wein.com/de/2017-pomorosso-nizza-docg-coppo.html" tabindex="-1">Details</a></span>
                                    </div>
                                                            </div>

                            <div class="add-to-box">
                                                                                                        <form data-role="productwidget-tocart-form" action="https://www.moevenpick-wein.com/de/checkout/cart/add/uenc/aHR0cHM6Ly93d3cubW9ldmVucGljay13ZWluLmNvbS9kZS8%2C/product/17790/" method="post">
                                        <input type="hidden" name="product" value="17790" tabindex="-1">
                                        <input type="hidden" name="uenc" value="aHR0cHM6Ly93d3cubW9ldmVucGljay13ZWluLmNvbS9kZS9jaGVja291dC9jYXJ0L2FkZC91ZW5jL2FIUjBjSE02THk5M2QzY3ViVzlsZG1WdWNHbGpheTEzWldsdUxtTnZiUzlrWlM4JTJDL3Byb2R1Y3QvMTc3OTAv" tabindex="-1">
                                        <input name="form_key" type="hidden" value="RjTXfPsQpjzDo3iy" tabindex="-1">                                                                                    <input name="super_attribute[175]" value="91" style="visibility: hidden; position:absolute; left:-1000px" type="text" tabindex="-1">
                                            <input name="super_attribute[187]" value="273" style="visibility: hidden; position:absolute; left:-1000px" type="text" tabindex="-1">
                                                                                <div class="buttonline">

                                            <span class="ui-spinner ui-widget ui-widget-content ui-corner-all"><input class="input-text qty ui-spinner-input" type="number" name="qty" min="1" value="6" aria-valuemin="1" aria-valuenow="6" autocomplete="off" role="spinbutton" tabindex="-1"><a class="ui-spinner-button ui-spinner-up ui-corner-tr ui-button ui-widget ui-state-default ui-button-text-only" tabindex="-1" role="button" aria-disabled="false"><span class="ui-button-text">▲</span></a><a class="ui-spinner-button ui-spinner-down ui-corner-br ui-button ui-widget ui-state-default ui-button-text-only" tabindex="-1" role="button" aria-disabled="false"><span class="ui-button-text">▼</span></a></span>

                                            <button type="submit" title="In den Warenkorb" class="button btn-cart primary action tocart" tabindex="-1">
                                                <svg class="logo-moev"><use xlink:href="#icon-cart"></use></svg>
                                                <span>In den Warenkorb</span>
                                            </button>
                                                                                                                                                <a href="https://www.moevenpick-wein.com/de/#" class="action towishlist btn btn-wishlist primary-invert" title="Zur Merkliste hinzufügen" aria-label="Zur Merkliste hinzufügen" data-post="{&quot;action&quot;:&quot;https:\/\/www.moevenpick-wein.com\/de\/guestwishlist\/index\/add\/&quot;,&quot;data&quot;:{&quot;product&quot;:&quot;17790&quot;,&quot;super_attribute[175]&quot;:&quot;91&quot;,&quot;super_attribute[187]&quot;:&quot;273&quot;,&quot;uenc&quot;:&quot;aHR0cHM6Ly93d3cubW9ldmVucGljay13ZWluLmNvbS9kZS8,&quot;}}" data-action="add-to-wishlist" role="button" tabindex="-1">
        <svg class="logo-moev"><use xlink:href="#icon-heart"></use></svg>
        <span>Zur Merkliste hinzufügen</span>
    </a>
                                                                                    </div>
                                    </form>
                                                            </div>

                        </div>
                    </li><li class="item slick-slide slick-cloned" data-slick-index="-2" aria-hidden="true" tabindex="-1" style="width: 320px;">
                        <div class="product-box">
                            <div class="banner">
                                                                    <p class="cellar-name">Australien | South-Australia</p>
                                                            </div>

                            <h2 class="product-name">
                                <a href="https://www.moevenpick-wein.com/de/2017-shiraz-zephyrus-barossa-valley-sons-of-eden.html" title="2017 Shiraz Zephyrus Barossa Valley Sons of Eden" tabindex="-1">
                                    <span class="product-name-1">2017 Shiraz Zephyrus</span>
                                </a>
                            </h2>

                            <div class="wr-product">
                                <div class="product-box-image col-xs-4">
                                    <a href="https://www.moevenpick-wein.com/de/2017-shiraz-zephyrus-barossa-valley-sons-of-eden.html" class="p-image" tabindex="-1">

<span class="product-image-container" style="width:60px;">
    <span class="product-image-wrapper">
        <img class="product-image-photo" src="./index_files/7944_13.png" width="60" height="180" alt="2017 Shiraz Zephyrus Barossa Valley Sons of Eden 750.00"></span>
</span>
                                    </a>
                                                                            <div class="flags">
                                                                                            <p>
                                                    <span class="discount-tag small">
                                                        33%                                                    </span>
                                                </p>
                                                                                    </div>
                                                                    </div>

                                <div class="product-box-details col-xs-8">
                                    <p class="product-name">
                                        <span class="product-name-part">Barossa Valley</span>
                                        <span class="product-name-part">Sons of Eden</span>
                                    </p>


                                    <p class="rating-score">
                                        J. Halliday                                        96/100                                    </p>

                                    <div class="price-box">
                                        <div id="" class="price-wrapper priceline">
                                            <div class="price-box price-final_price" data-role="priceBox" data-product-id="13982">
    <span class="special-price">

<span class="price-container price-final_price tax weee">
            <span class="price-label">Sonderangebot</span>
        <span id="" data-price-amount="26" data-price-type="finalPrice" class="price-wrapper ">
        <span class="price">CHF&nbsp;26.00</span>    </span>
        </span>
    </span>
                <meta itemprop="priceValidUntil" content="2020-04-05T00:00:00+0000">
        <span class="old-price">

<span class="price-container price-final_price tax weee">
            <span class="price-label">Normalpreis</span>
        <span id="" data-price-amount="39" data-price-type="oldPrice" class="price-wrapper ">
        <span class="price">CHF&nbsp;39.00</span>    </span>
        </span>
    </span>
<meta itemprop="url" content="https://www.moevenpick-wein.com/de/">
</div>                                        </div>

                                                                                    <span class="bottle-size" id="">
                                                                                                75 cl                                            </span>

                                                                                    <span class="base-price">
                                                (CHF&nbsp;34.67 / l)
                                            </span>

                                        <span class="tax-note">
                                            <div class="label-including-taxes">
                                                Preis inkl. Mwst.,                                            </div>
                                            <a href="https://www.moevenpick-wein.com/de/versand" onclick="window.open(this.href);return false;" tabindex="-1">
                                                zzgl. Versand                                            </a>
                                        </span>
                                    </div>
                                </div>

                                                                    <div class="selling-point">
                                        <span>Aus dem Garten Eden</span>
                                        <span class="link-to-details"><a href="https://www.moevenpick-wein.com/de/2017-shiraz-zephyrus-barossa-valley-sons-of-eden.html" tabindex="-1">Details</a></span>
                                    </div>
                                                            </div>

                            <div class="add-to-box">
                                                                                                        <form data-role="productwidget-tocart-form" action="https://www.moevenpick-wein.com/de/checkout/cart/add/uenc/aHR0cHM6Ly93d3cubW9ldmVucGljay13ZWluLmNvbS9kZS8%2C/product/13987/" method="post">
                                        <input type="hidden" name="product" value="13987" tabindex="-1">
                                        <input type="hidden" name="uenc" value="aHR0cHM6Ly93d3cubW9ldmVucGljay13ZWluLmNvbS9kZS9jaGVja291dC9jYXJ0L2FkZC91ZW5jL2FIUjBjSE02THk5M2QzY3ViVzlsZG1WdWNHbGpheTEzWldsdUxtTnZiUzlrWlM4JTJDL3Byb2R1Y3QvMTM5ODcv" tabindex="-1">
                                        <input name="form_key" type="hidden" value="RjTXfPsQpjzDo3iy" tabindex="-1">                                                                                    <input name="super_attribute[175]" value="91" style="visibility: hidden; position:absolute; left:-1000px" type="text" tabindex="-1">
                                            <input name="super_attribute[187]" value="274" style="visibility: hidden; position:absolute; left:-1000px" type="text" tabindex="-1">
                                                                                <div class="buttonline">

                                            <span class="ui-spinner ui-widget ui-widget-content ui-corner-all"><input class="input-text qty ui-spinner-input" type="number" name="qty" min="1" value="6" aria-valuemin="1" aria-valuenow="6" autocomplete="off" role="spinbutton" tabindex="-1"><a class="ui-spinner-button ui-spinner-up ui-corner-tr ui-button ui-widget ui-state-default ui-button-text-only" tabindex="-1" role="button" aria-disabled="false"><span class="ui-button-text">▲</span></a><a class="ui-spinner-button ui-spinner-down ui-corner-br ui-button ui-widget ui-state-default ui-button-text-only" tabindex="-1" role="button" aria-disabled="false"><span class="ui-button-text">▼</span></a></span>

                                            <button type="submit" title="In den Warenkorb" class="button btn-cart primary action tocart" tabindex="-1">
                                                <svg class="logo-moev"><use xlink:href="#icon-cart"></use></svg>
                                                <span>In den Warenkorb</span>
                                            </button>
                                                                                                                                                <a href="https://www.moevenpick-wein.com/de/#" class="action towishlist btn btn-wishlist primary-invert" title="Zur Merkliste hinzufügen" aria-label="Zur Merkliste hinzufügen" data-post="{&quot;action&quot;:&quot;https:\/\/www.moevenpick-wein.com\/de\/guestwishlist\/index\/add\/&quot;,&quot;data&quot;:{&quot;product&quot;:&quot;13987&quot;,&quot;super_attribute[175]&quot;:&quot;91&quot;,&quot;super_attribute[187]&quot;:&quot;274&quot;,&quot;uenc&quot;:&quot;aHR0cHM6Ly93d3cubW9ldmVucGljay13ZWluLmNvbS9kZS8,&quot;}}" data-action="add-to-wishlist" role="button" tabindex="-1">
        <svg class="logo-moev"><use xlink:href="#icon-heart"></use></svg>
        <span>Zur Merkliste hinzufügen</span>
    </a>
                                                                                    </div>
                                    </form>
                                                            </div>

                        </div>
                    </li><li class="item slick-slide slick-cloned" data-slick-index="-1" aria-hidden="true" tabindex="-1" style="width: 320px;">
                        <div class="product-box">
                            <div class="banner">
                                                                    <p class="cellar-name">Italien | Abruzzen</p>
                                                            </div>

                            <h2 class="product-name">
                                <a href="https://www.moevenpick-wein.com/de/2017-pecorino-gran-sasso-terre-di-chieti-igp-farnese-vini.html" title="2017 Pecorino Gran Sasso Terre di Chieti IGP Farnese Vini" tabindex="-1">
                                    <span class="product-name-1">2017 Pecorino Gran Sasso</span>
                                </a>
                            </h2>

                            <div class="wr-product">
                                <div class="product-box-image col-xs-4">
                                    <a href="https://www.moevenpick-wein.com/de/2017-pecorino-gran-sasso-terre-di-chieti-igp-farnese-vini.html" class="p-image" tabindex="-1">

<span class="product-image-container" style="width:60px;">
    <span class="product-image-wrapper">
        <img class="product-image-photo" src="./index_files/9404.png" width="60" height="180" alt="2017 Pecorino Gran Sasso Terre di Chieti IGP Farnese Vini 750.00"></span>
</span>
                                    </a>
                                                                            <div class="flags">
                                                                                            <p>
                                                    <span class="discount-tag small">
                                                        32%                                                    </span>
                                                </p>
                                                                                    </div>
                                                                    </div>

                                <div class="product-box-details col-xs-8">
                                    <p class="product-name">
                                        <span class="product-name-part">Terre di Chieti IGP</span>
                                        <span class="product-name-part">Farnese Vini</span>
                                    </p>


                                    <p class="rating-score">
                                        Score                                        17.5/20                                    </p>

                                    <div class="price-box">
                                        <div id="" class="price-wrapper priceline">
                                            <div class="price-box price-final_price" data-role="priceBox" data-product-id="12381">
    <span class="special-price">

<span class="price-container price-final_price tax weee">
            <span class="price-label">Sonderangebot</span>
        <span id="" data-price-amount="14.9" data-price-type="finalPrice" class="price-wrapper ">
        <span class="price">CHF&nbsp;14.90</span>    </span>
        </span>
    </span>
                <meta itemprop="priceValidUntil" content="2020-04-26T00:00:00+0000">
        <span class="old-price">

<span class="price-container price-final_price tax weee">
            <span class="price-label">Normalpreis</span>
        <span id="" data-price-amount="22" data-price-type="oldPrice" class="price-wrapper ">
        <span class="price">CHF&nbsp;22.00</span>    </span>
        </span>
    </span>
<meta itemprop="url" content="https://www.moevenpick-wein.com/de/">
</div>                                        </div>

                                                                                    <span class="bottle-size" id="">
                                                                                                75 cl                                            </span>

                                                                                    <span class="base-price">
                                                (CHF&nbsp;19.87 / l)
                                            </span>

                                        <span class="tax-note">
                                            <div class="label-including-taxes">
                                                Preis inkl. Mwst.,                                            </div>
                                            <a href="https://www.moevenpick-wein.com/de/versand" onclick="window.open(this.href);return false;" tabindex="-1">
                                                zzgl. Versand                                            </a>
                                        </span>
                                    </div>
                                </div>

                                                                    <div class="selling-point">
                                        <span>Das Pecorino-Highlight aus den Abruzzen</span>
                                        <span class="link-to-details"><a href="https://www.moevenpick-wein.com/de/2017-pecorino-gran-sasso-terre-di-chieti-igp-farnese-vini.html" tabindex="-1">Details</a></span>
                                    </div>
                                                            </div>

                            <div class="add-to-box">
                                                                                                        <form data-role="productwidget-tocart-form" action="https://www.moevenpick-wein.com/de/checkout/cart/add/uenc/aHR0cHM6Ly93d3cubW9ldmVucGljay13ZWluLmNvbS9kZS8%2C/product/12390/" method="post">
                                        <input type="hidden" name="product" value="12390" tabindex="-1">
                                        <input type="hidden" name="uenc" value="aHR0cHM6Ly93d3cubW9ldmVucGljay13ZWluLmNvbS9kZS9jaGVja291dC9jYXJ0L2FkZC91ZW5jL2FIUjBjSE02THk5M2QzY3ViVzlsZG1WdWNHbGpheTEzWldsdUxtTnZiUzlrWlM4JTJDL3Byb2R1Y3QvMTIzOTAv" tabindex="-1">
                                        <input name="form_key" type="hidden" value="RjTXfPsQpjzDo3iy" tabindex="-1">                                                                                    <input name="super_attribute[175]" value="91" style="visibility: hidden; position:absolute; left:-1000px" type="text" tabindex="-1">
                                            <input name="super_attribute[187]" value="274" style="visibility: hidden; position:absolute; left:-1000px" type="text" tabindex="-1">
                                                                                <div class="buttonline">

                                            <span class="ui-spinner ui-widget ui-widget-content ui-corner-all"><input class="input-text qty ui-spinner-input" type="number" name="qty" min="1" value="6" aria-valuemin="1" aria-valuenow="6" autocomplete="off" role="spinbutton" tabindex="-1"><a class="ui-spinner-button ui-spinner-up ui-corner-tr ui-button ui-widget ui-state-default ui-button-text-only" tabindex="-1" role="button" aria-disabled="false"><span class="ui-button-text">▲</span></a><a class="ui-spinner-button ui-spinner-down ui-corner-br ui-button ui-widget ui-state-default ui-button-text-only" tabindex="-1" role="button" aria-disabled="false"><span class="ui-button-text">▼</span></a></span>

                                            <button type="submit" title="In den Warenkorb" class="button btn-cart primary action tocart" tabindex="-1">
                                                <svg class="logo-moev"><use xlink:href="#icon-cart"></use></svg>
                                                <span>In den Warenkorb</span>
                                            </button>
                                                                                                                                                <a href="https://www.moevenpick-wein.com/de/#" class="action towishlist btn btn-wishlist primary-invert" title="Zur Merkliste hinzufügen" aria-label="Zur Merkliste hinzufügen" data-post="{&quot;action&quot;:&quot;https:\/\/www.moevenpick-wein.com\/de\/guestwishlist\/index\/add\/&quot;,&quot;data&quot;:{&quot;product&quot;:&quot;12390&quot;,&quot;super_attribute[175]&quot;:&quot;91&quot;,&quot;super_attribute[187]&quot;:&quot;274&quot;,&quot;uenc&quot;:&quot;aHR0cHM6Ly93d3cubW9ldmVucGljay13ZWluLmNvbS9kZS8,&quot;}}" data-action="add-to-wishlist" role="button" tabindex="-1">
        <svg class="logo-moev"><use xlink:href="#icon-heart"></use></svg>
        <span>Zur Merkliste hinzufügen</span>
    </a>
                                                                                    </div>
                                    </form>
                                                            </div>

                        </div>
                    </li><li class="item slick-slide slick-active" data-slick-index="0" aria-hidden="false" tabindex="-1" role="option" aria-describedby="slick-slide00" style="width: 320px;">
                        <div class="product-box">
                            <div class="banner">
                                                                    <p class="cellar-name">Italien | Apulien</p>
                                                            </div>

                            <h2 class="product-name">
                                <a href="https://www.moevenpick-wein.com/de/2017-angelo-primo-nero-di-troia-puglia-igp-cantine-paradiso.html" title="2017 Angelo Primo Nero di Troia Puglia IGP Cantine Paradiso" tabindex="0">
                                    <span class="product-name-1">2017 Angelo Primo</span>
                                </a>
                            </h2>

                            <div class="wr-product">
                                <div class="product-box-image col-xs-4">
                                    <a href="https://www.moevenpick-wein.com/de/2017-angelo-primo-nero-di-troia-puglia-igp-cantine-paradiso.html" class="p-image" tabindex="0">

<span class="product-image-container" style="width:60px;">
    <span class="product-image-wrapper">
        <img class="product-image-photo" src="./index_files/10449.png" width="60" height="180" alt="2017 Angelo Primo Nero di Troia Puglia IGP Cantine Paradiso 750.00"></span>
</span>
                                    </a>
                                                                            <div class="flags">
                                                                                            <p>
                                                    <span class="discount-tag small">
                                                        26%                                                    </span>
                                                </p>
                                                                                    </div>
                                                                    </div>

                                <div class="product-box-details col-xs-8">
                                    <p class="product-name">
                                        <span class="product-name-part">Nero di Troia Puglia IGP</span>
                                        <span class="product-name-part">Cantine Paradiso</span>
                                    </p>


                                    <p class="rating-score">
                                        Luca Maroni                                        95/100                                    </p>

                                    <div class="price-box">
                                        <div id="price-cont-18909" class="price-wrapper priceline">
                                            <div class="price-box price-final_price" data-role="priceBox" data-product-id="18896">
    <span class="special-price">

<span class="price-container price-final_price tax weee">
            <span class="price-label">Sonderangebot</span>
        <span id="old-price-18896-final_price" data-price-amount="21.9" data-price-type="finalPrice" class="price-wrapper ">
        <span class="price">CHF&nbsp;21.90</span>    </span>
        </span>
    </span>
                <meta itemprop="priceValidUntil" content="2020-04-26T00:00:00+0000">
        <span class="old-price">

<span class="price-container price-final_price tax weee">
            <span class="price-label">Normalpreis</span>
        <span id="old-price-18896-final_price" data-price-amount="29.5" data-price-type="oldPrice" class="price-wrapper ">
        <span class="price">CHF&nbsp;29.50</span>    </span>
        </span>
    </span>
<meta itemprop="url" content="https://www.moevenpick-wein.com/de/">
</div>                                        </div>

                                                                                    <span class="bottle-size" id="bottlesize-cont-18909">
                                                                                                75 cl                                            </span>

                                                                                    <span class="base-price">
                                                (CHF&nbsp;29.20 / l)
                                            </span>

                                        <span class="tax-note">
                                            <div class="label-including-taxes">
                                                Preis inkl. Mwst.,                                            </div>
                                            <a href="https://www.moevenpick-wein.com/de/versand" onclick="window.open(this.href);return false;" tabindex="0">
                                                zzgl. Versand                                            </a>
                                        </span>
                                    </div>
                                </div>

                                                                    <div class="selling-point">
                                        <span>Fruchtiger Charmeur mit 95 Punkten</span>
                                        <span class="link-to-details"><a href="https://www.moevenpick-wein.com/de/2017-angelo-primo-nero-di-troia-puglia-igp-cantine-paradiso.html" tabindex="0">Details</a></span>
                                    </div>
                                                            </div>

                            <div class="add-to-box">
                                                                                                        <form data-role="productwidget-tocart-form" action="https://www.moevenpick-wein.com/de/checkout/cart/add/uenc/aHR0cHM6Ly93d3cubW9ldmVucGljay13ZWluLmNvbS9kZS8%2C/product/18909/" method="post">
                                        <input type="hidden" name="product" value="18909" tabindex="0">
                                        <input type="hidden" name="uenc" value="aHR0cHM6Ly93d3cubW9ldmVucGljay13ZWluLmNvbS9kZS9jaGVja291dC9jYXJ0L2FkZC91ZW5jL2FIUjBjSE02THk5M2QzY3ViVzlsZG1WdWNHbGpheTEzWldsdUxtTnZiUzlrWlM4JTJDL3Byb2R1Y3QvMTg5MDkv" tabindex="0">
                                        <input name="form_key" type="hidden" value="RjTXfPsQpjzDo3iy" tabindex="0">                                                                                    <input name="super_attribute[175]" value="91" style="visibility: hidden; position:absolute; left:-1000px" type="text" tabindex="0">
                                            <input name="super_attribute[187]" value="274" style="visibility: hidden; position:absolute; left:-1000px" type="text" tabindex="0">
                                                                                <div class="buttonline">

                                            <span class="ui-spinner ui-widget ui-widget-content ui-corner-all"><input class="input-text qty ui-spinner-input" type="number" name="qty" min="1" value="6" aria-valuemin="1" aria-valuenow="6" autocomplete="off" role="spinbutton" tabindex="0"><a class="ui-spinner-button ui-spinner-up ui-corner-tr ui-button ui-widget ui-state-default ui-button-text-only" tabindex="0" role="button" aria-disabled="false"><span class="ui-button-text">▲</span></a><a class="ui-spinner-button ui-spinner-down ui-corner-br ui-button ui-widget ui-state-default ui-button-text-only" tabindex="0" role="button" aria-disabled="false"><span class="ui-button-text">▼</span></a></span>

                                            <button type="submit" title="In den Warenkorb" class="button btn-cart primary action tocart" tabindex="0">
                                                <svg class="logo-moev"><use xlink:href="#icon-cart"></use></svg>
                                                <span>In den Warenkorb</span>
                                            </button>
                                                                                                                                                <a href="https://www.moevenpick-wein.com/de/#" class="action towishlist btn btn-wishlist primary-invert" title="Zur Merkliste hinzufügen" aria-label="Zur Merkliste hinzufügen" data-post="{&quot;action&quot;:&quot;https:\/\/www.moevenpick-wein.com\/de\/guestwishlist\/index\/add\/&quot;,&quot;data&quot;:{&quot;product&quot;:&quot;18909&quot;,&quot;super_attribute[175]&quot;:&quot;91&quot;,&quot;super_attribute[187]&quot;:&quot;274&quot;,&quot;uenc&quot;:&quot;aHR0cHM6Ly93d3cubW9ldmVucGljay13ZWluLmNvbS9kZS8,&quot;}}" data-action="add-to-wishlist" role="button" tabindex="0">
        <svg class="logo-moev"><use xlink:href="#icon-heart"></use></svg>
        <span>Zur Merkliste hinzufügen</span>
    </a>
                                                                                    </div>
                                    </form>
                                                            </div>

                        </div>
                    </li><li class="item slick-slide slick-active" data-slick-index="1" aria-hidden="false" tabindex="-1" role="option" aria-describedby="slick-slide01" style="width: 320px;">
                        <div class="product-box">
                            <div class="banner">
                                                                    <p class="cellar-name">Italien | Venetien</p>
                                                            </div>

                            <h2 class="product-name">
                                <a href="https://www.moevenpick-wein.com/de/2015-amarone-valpolicella-classico-docg-maestro-vivaldi.html" title="2015 Amarone Valpolicella Classico DOCG Maestro Vivaldi" tabindex="0">
                                    <span class="product-name-1">2015 Amarone Valpolicella</span>
                                </a>
                            </h2>

                            <div class="wr-product">
                                <div class="product-box-image col-xs-4">
                                    <a href="https://www.moevenpick-wein.com/de/2015-amarone-valpolicella-classico-docg-maestro-vivaldi.html" class="p-image" tabindex="0">

<span class="product-image-container" style="width:60px;">
    <span class="product-image-wrapper">
        <img class="product-image-photo" src="./index_files/6574.png" width="60" height="180" alt="2015 Amarone Valpolicella Classico DOCG Maestro Vivaldi 750.00"></span>
</span>
                                    </a>
                                                                            <div class="flags">
                                                                                            <p>
                                                    <span class="discount-tag small">
                                                        36%                                                    </span>
                                                </p>
                                                                                    </div>
                                                                    </div>

                                <div class="product-box-details col-xs-8">
                                    <p class="product-name">
                                        <span class="product-name-part">Classico DOCG</span>
                                        <span class="product-name-part">Maestro</span>
                                    </p>


                                    <p class="rating-score">
                                        Score                                        19/20                                    </p>

                                    <div class="price-box">
                                        <div id="price-cont-13307" class="price-wrapper priceline">
                                            <div class="price-box price-final_price" data-role="priceBox" data-product-id="13301">
    <span class="special-price">

<span class="price-container price-final_price tax weee">
            <span class="price-label">Sonderangebot</span>
        <span id="old-price-13301-final_price" data-price-amount="29.5" data-price-type="finalPrice" class="price-wrapper ">
        <span class="price">CHF&nbsp;29.50</span>    </span>
        </span>
    </span>
                <meta itemprop="priceValidUntil" content="2020-04-26T00:00:00+0000">
        <span class="old-price">

<span class="price-container price-final_price tax weee">
            <span class="price-label">Normalpreis</span>
        <span id="old-price-13301-final_price" data-price-amount="46" data-price-type="oldPrice" class="price-wrapper ">
        <span class="price">CHF&nbsp;46.00</span>    </span>
        </span>
    </span>
<meta itemprop="url" content="https://www.moevenpick-wein.com/de/">
</div>                                        </div>

                                                                                    <span class="bottle-size" id="bottlesize-cont-13307">
                                                                                                75 cl                                            </span>

                                                                                    <span class="base-price">
                                                (CHF&nbsp;39.33 / l)
                                            </span>

                                        <span class="tax-note">
                                            <div class="label-including-taxes">
                                                Preis inkl. Mwst.,                                            </div>
                                            <a href="https://www.moevenpick-wein.com/de/versand" onclick="window.open(this.href);return false;" tabindex="0">
                                                zzgl. Versand                                            </a>
                                        </span>
                                    </div>
                                </div>

                                                                    <div class="selling-point">
                                        <span>Vom Terroirspezialisten Daniele Accordini</span>
                                        <span class="link-to-details"><a href="https://www.moevenpick-wein.com/de/2015-amarone-valpolicella-classico-docg-maestro-vivaldi.html" tabindex="0">Details</a></span>
                                    </div>
                                                            </div>

                            <div class="add-to-box">
                                                                                                        <form data-role="productwidget-tocart-form" action="https://www.moevenpick-wein.com/de/checkout/cart/add/uenc/aHR0cHM6Ly93d3cubW9ldmVucGljay13ZWluLmNvbS9kZS8%2C/product/13307/" method="post">
                                        <input type="hidden" name="product" value="13307" tabindex="0">
                                        <input type="hidden" name="uenc" value="aHR0cHM6Ly93d3cubW9ldmVucGljay13ZWluLmNvbS9kZS9jaGVja291dC9jYXJ0L2FkZC91ZW5jL2FIUjBjSE02THk5M2QzY3ViVzlsZG1WdWNHbGpheTEzWldsdUxtTnZiUzlrWlM4JTJDL3Byb2R1Y3QvMTMzMDcv" tabindex="0">
                                        <input name="form_key" type="hidden" value="RjTXfPsQpjzDo3iy" tabindex="0">                                                                                    <input name="super_attribute[175]" value="91" style="visibility: hidden; position:absolute; left:-1000px" type="text" tabindex="0">
                                            <input name="super_attribute[187]" value="273" style="visibility: hidden; position:absolute; left:-1000px" type="text" tabindex="0">
                                                                                <div class="buttonline">

                                            <span class="ui-spinner ui-widget ui-widget-content ui-corner-all"><input class="input-text qty ui-spinner-input" type="number" name="qty" min="1" value="6" aria-valuemin="1" aria-valuenow="6" autocomplete="off" role="spinbutton" tabindex="0"><a class="ui-spinner-button ui-spinner-up ui-corner-tr ui-button ui-widget ui-state-default ui-button-text-only" tabindex="0" role="button" aria-disabled="false"><span class="ui-button-text">▲</span></a><a class="ui-spinner-button ui-spinner-down ui-corner-br ui-button ui-widget ui-state-default ui-button-text-only" tabindex="0" role="button" aria-disabled="false"><span class="ui-button-text">▼</span></a></span>

                                            <button type="submit" title="In den Warenkorb" class="button btn-cart primary action tocart" tabindex="0">
                                                <svg class="logo-moev"><use xlink:href="#icon-cart"></use></svg>
                                                <span>In den Warenkorb</span>
                                            </button>
                                                                                                                                                <a href="https://www.moevenpick-wein.com/de/#" class="action towishlist btn btn-wishlist primary-invert" title="Zur Merkliste hinzufügen" aria-label="Zur Merkliste hinzufügen" data-post="{&quot;action&quot;:&quot;https:\/\/www.moevenpick-wein.com\/de\/guestwishlist\/index\/add\/&quot;,&quot;data&quot;:{&quot;product&quot;:&quot;13307&quot;,&quot;super_attribute[175]&quot;:&quot;91&quot;,&quot;super_attribute[187]&quot;:&quot;273&quot;,&quot;uenc&quot;:&quot;aHR0cHM6Ly93d3cubW9ldmVucGljay13ZWluLmNvbS9kZS8,&quot;}}" data-action="add-to-wishlist" role="button" tabindex="0">
        <svg class="logo-moev"><use xlink:href="#icon-heart"></use></svg>
        <span>Zur Merkliste hinzufügen</span>
    </a>
                                                                                    </div>
                                    </form>
                                                            </div>

                        </div>
                    </li><li class="item slick-slide slick-active" data-slick-index="2" aria-hidden="false" tabindex="-1" role="option" aria-describedby="slick-slide02" style="width: 320px;">
                        <div class="product-box">
                            <div class="banner">
                                                                    <p class="cellar-name">USA | Kalifornien</p>
                                                            </div>

                            <h2 class="product-name">
                                <a href="https://www.moevenpick-wein.com/de/2017-six-eight-nine-napa-valley-689-cellars.html" title="2017 Six Eight Nine Napa Valley 689 Cellars" tabindex="0">
                                    <span class="product-name-1">2017 Six Eight Nine</span>
                                </a>
                            </h2>

                            <div class="wr-product">
                                <div class="product-box-image col-xs-4">
                                    <a href="https://www.moevenpick-wein.com/de/2017-six-eight-nine-napa-valley-689-cellars.html" class="p-image" tabindex="0">

<span class="product-image-container" style="width:60px;">
    <span class="product-image-wrapper">
        <img class="product-image-photo" src="./index_files/4657_g.png" width="60" height="180" alt="2017 Six Eight Nine Napa Valley 689 Cellars 750.00"></span>
</span>
                                    </a>
                                                                            <div class="flags">
                                                                                            <p>
                                                    <span class="discount-tag small">
                                                        12%                                                    </span>
                                                </p>
                                                                                    </div>
                                                                    </div>

                                <div class="product-box-details col-xs-8">
                                    <p class="product-name">
                                        <span class="product-name-part">Napa Valley</span>
                                        <span class="product-name-part">689 Cellars</span>
                                    </p>


                                    <p class="rating-score">
                                        Score                                        18.5/20                                    </p>

                                    <div class="price-box">
                                        <div id="price-cont-15387" class="price-wrapper priceline">
                                            <div class="price-box price-final_price" data-role="priceBox" data-product-id="15363">
    <span class="special-price">

<span class="price-container price-final_price tax weee">
            <span class="price-label">Sonderangebot</span>
        <span id="old-price-15363-final_price" data-price-amount="23" data-price-type="finalPrice" class="price-wrapper ">
        <span class="price">CHF&nbsp;23.00</span>    </span>
        </span>
    </span>
                <meta itemprop="priceValidUntil" content="2020-04-05T00:00:00+0000">
        <span class="old-price">

<span class="price-container price-final_price tax weee">
            <span class="price-label">Normalpreis</span>
        <span id="old-price-15363-final_price" data-price-amount="26" data-price-type="oldPrice" class="price-wrapper ">
        <span class="price">CHF&nbsp;26.00</span>    </span>
        </span>
    </span>
<meta itemprop="url" content="https://www.moevenpick-wein.com/de/">
</div>                                        </div>

                                                                                    <span class="bottle-size" id="bottlesize-cont-15387">
                                                                                                75 cl                                            </span>

                                                                                    <span class="base-price">
                                                (CHF&nbsp;30.67 / l)
                                            </span>

                                        <span class="tax-note">
                                            <div class="label-including-taxes">
                                                Preis inkl. Mwst.,                                            </div>
                                            <a href="https://www.moevenpick-wein.com/de/versand" onclick="window.open(this.href);return false;" tabindex="0">
                                                zzgl. Versand                                            </a>
                                        </span>
                                    </div>
                                </div>

                                                                    <div class="selling-point">
                                        <span>Best Value aus dem Napa Valley</span>
                                        <span class="link-to-details"><a href="https://www.moevenpick-wein.com/de/2017-six-eight-nine-napa-valley-689-cellars.html" tabindex="0">Details</a></span>
                                    </div>
                                                            </div>

                            <div class="add-to-box">
                                                                                                        <form data-role="productwidget-tocart-form" action="https://www.moevenpick-wein.com/de/checkout/cart/add/uenc/aHR0cHM6Ly93d3cubW9ldmVucGljay13ZWluLmNvbS9kZS8%2C/product/15387/" method="post">
                                        <input type="hidden" name="product" value="15387" tabindex="0">
                                        <input type="hidden" name="uenc" value="aHR0cHM6Ly93d3cubW9ldmVucGljay13ZWluLmNvbS9kZS9jaGVja291dC9jYXJ0L2FkZC91ZW5jL2FIUjBjSE02THk5M2QzY3ViVzlsZG1WdWNHbGpheTEzWldsdUxtTnZiUzlrWlM4JTJDL3Byb2R1Y3QvMTUzODcv" tabindex="0">
                                        <input name="form_key" type="hidden" value="RjTXfPsQpjzDo3iy" tabindex="0">                                                                                    <input name="super_attribute[175]" value="91" style="visibility: hidden; position:absolute; left:-1000px" type="text" tabindex="0">
                                            <input name="super_attribute[187]" value="243" style="visibility: hidden; position:absolute; left:-1000px" type="text" tabindex="0">
                                                                                <div class="buttonline">

                                            <span class="ui-spinner ui-widget ui-widget-content ui-corner-all"><input class="input-text qty ui-spinner-input" type="number" name="qty" min="1" value="6" aria-valuemin="1" aria-valuenow="6" autocomplete="off" role="spinbutton" tabindex="0"><a class="ui-spinner-button ui-spinner-up ui-corner-tr ui-button ui-widget ui-state-default ui-button-text-only" tabindex="0" role="button" aria-disabled="false"><span class="ui-button-text">▲</span></a><a class="ui-spinner-button ui-spinner-down ui-corner-br ui-button ui-widget ui-state-default ui-button-text-only" tabindex="0" role="button" aria-disabled="false"><span class="ui-button-text">▼</span></a></span>

                                            <button type="submit" title="In den Warenkorb" class="button btn-cart primary action tocart" tabindex="0">
                                                <svg class="logo-moev"><use xlink:href="#icon-cart"></use></svg>
                                                <span>In den Warenkorb</span>
                                            </button>
                                                                                                                                                <a href="https://www.moevenpick-wein.com/de/#" class="action towishlist btn btn-wishlist primary-invert" title="Zur Merkliste hinzufügen" aria-label="Zur Merkliste hinzufügen" data-post="{&quot;action&quot;:&quot;https:\/\/www.moevenpick-wein.com\/de\/guestwishlist\/index\/add\/&quot;,&quot;data&quot;:{&quot;product&quot;:&quot;15387&quot;,&quot;super_attribute[175]&quot;:&quot;91&quot;,&quot;super_attribute[187]&quot;:&quot;243&quot;,&quot;uenc&quot;:&quot;aHR0cHM6Ly93d3cubW9ldmVucGljay13ZWluLmNvbS9kZS8,&quot;}}" data-action="add-to-wishlist" role="button" tabindex="0">
        <svg class="logo-moev"><use xlink:href="#icon-heart"></use></svg>
        <span>Zur Merkliste hinzufügen</span>
    </a>
                                                                                    </div>
                                    </form>
                                                            </div>

                        </div>
                    </li><li class="item slick-slide slick-active" data-slick-index="3" aria-hidden="false" tabindex="-1" role="option" aria-describedby="slick-slide03" style="width: 320px;">
                        <div class="product-box">
                            <div class="banner">
                                                                    <p class="cellar-name">Italien | Toskana</p>
                                                            </div>

                            <h2 class="product-name">
                                <a href="https://www.moevenpick-wein.com/de/2017-il-seggio-rosso-bolgheri-doc-marilisa-allegrini-poggio-al-tesoro.html" title="2017 Il Seggio Rosso Bolgheri DOC Marilisa Allegrini Poggio al Tesoro" tabindex="0">
                                    <span class="product-name-1">2017 Il Seggio</span>
                                </a>
                            </h2>

                            <div class="wr-product">
                                <div class="product-box-image col-xs-4">
                                    <a href="https://www.moevenpick-wein.com/de/2017-il-seggio-rosso-bolgheri-doc-marilisa-allegrini-poggio-al-tesoro.html" class="p-image" tabindex="0">

<span class="product-image-container" style="width:60px;">
    <span class="product-image-wrapper">
        <img class="product-image-photo" src="./index_files/9492.png" width="60" height="180" alt="2017 Il Seggio Rosso Bolgheri DOC Marilisa Allegrini Poggio al Tesoro 750.00"></span>
</span>
                                    </a>
                                                                            <div class="flags">
                                                                                            <p>
                                                    <span class="discount-tag small">
                                                        22%                                                    </span>
                                                </p>
                                                                                    </div>
                                                                    </div>

                                <div class="product-box-details col-xs-8">
                                    <p class="product-name">
                                        <span class="product-name-part">Rosso Bolgheri DOC</span>
                                        <span class="product-name-part">Marilisa Allegrini</span>
                                    </p>


                                    <p class="rating-score">
                                        Score                                        18.5/20                                    </p>

                                    <div class="price-box">
                                        <div id="price-cont-18894" class="price-wrapper priceline">
                                            <div class="price-box price-final_price" data-role="priceBox" data-product-id="18891">
    <span class="special-price">

<span class="price-container price-final_price tax weee">
            <span class="price-label">Sonderangebot</span>
        <span id="old-price-18891-final_price" data-price-amount="22.4" data-price-type="finalPrice" class="price-wrapper ">
        <span class="price">CHF&nbsp;22.40</span>    </span>
        </span>
    </span>
                <meta itemprop="priceValidUntil" content="2020-04-26T00:00:00+0000">
        <span class="old-price">

<span class="price-container price-final_price tax weee">
            <span class="price-label">Normalpreis</span>
        <span id="old-price-18891-final_price" data-price-amount="28.8" data-price-type="oldPrice" class="price-wrapper ">
        <span class="price">CHF&nbsp;28.80</span>    </span>
        </span>
    </span>
<meta itemprop="url" content="https://www.moevenpick-wein.com/de/">
</div>                                        </div>

                                                                                    <span class="bottle-size" id="bottlesize-cont-18894">
                                                                                                75 cl                                            </span>

                                                                                    <span class="base-price">
                                                (CHF&nbsp;29.87 / l)
                                            </span>

                                        <span class="tax-note">
                                            <div class="label-including-taxes">
                                                Preis inkl. Mwst.,                                            </div>
                                            <a href="https://www.moevenpick-wein.com/de/versand" onclick="window.open(this.href);return false;" tabindex="0">
                                                zzgl. Versand                                            </a>
                                        </span>
                                    </div>
                                </div>

                                                                    <div class="selling-point">
                                        <span>Allegrini macht im Bolgheri Furore</span>
                                        <span class="link-to-details"><a href="https://www.moevenpick-wein.com/de/2017-il-seggio-rosso-bolgheri-doc-marilisa-allegrini-poggio-al-tesoro.html" tabindex="0">Details</a></span>
                                    </div>
                                                            </div>

                            <div class="add-to-box">
                                                                                                        <form data-role="productwidget-tocart-form" action="https://www.moevenpick-wein.com/de/checkout/cart/add/uenc/aHR0cHM6Ly93d3cubW9ldmVucGljay13ZWluLmNvbS9kZS8%2C/product/18894/" method="post">
                                        <input type="hidden" name="product" value="18894" tabindex="0">
                                        <input type="hidden" name="uenc" value="aHR0cHM6Ly93d3cubW9ldmVucGljay13ZWluLmNvbS9kZS9jaGVja291dC9jYXJ0L2FkZC91ZW5jL2FIUjBjSE02THk5M2QzY3ViVzlsZG1WdWNHbGpheTEzWldsdUxtTnZiUzlrWlM4JTJDL3Byb2R1Y3QvMTg4OTQv" tabindex="0">
                                        <input name="form_key" type="hidden" value="RjTXfPsQpjzDo3iy" tabindex="0">                                                                                    <input name="super_attribute[175]" value="91" style="visibility: hidden; position:absolute; left:-1000px" type="text" tabindex="0">
                                            <input name="super_attribute[187]" value="274" style="visibility: hidden; position:absolute; left:-1000px" type="text" tabindex="0">
                                                                                <div class="buttonline">

                                            <span class="ui-spinner ui-widget ui-widget-content ui-corner-all"><input class="input-text qty ui-spinner-input" type="number" name="qty" min="1" value="6" aria-valuemin="1" aria-valuenow="6" autocomplete="off" role="spinbutton" tabindex="0"><a class="ui-spinner-button ui-spinner-up ui-corner-tr ui-button ui-widget ui-state-default ui-button-text-only" tabindex="0" role="button" aria-disabled="false"><span class="ui-button-text">▲</span></a><a class="ui-spinner-button ui-spinner-down ui-corner-br ui-button ui-widget ui-state-default ui-button-text-only" tabindex="0" role="button" aria-disabled="false"><span class="ui-button-text">▼</span></a></span>

                                            <button type="submit" title="In den Warenkorb" class="button btn-cart primary action tocart" tabindex="0">
                                                <svg class="logo-moev"><use xlink:href="#icon-cart"></use></svg>
                                                <span>In den Warenkorb</span>
                                            </button>
                                                                                                                                                <a href="https://www.moevenpick-wein.com/de/#" class="action towishlist btn btn-wishlist primary-invert" title="Zur Merkliste hinzufügen" aria-label="Zur Merkliste hinzufügen" data-post="{&quot;action&quot;:&quot;https:\/\/www.moevenpick-wein.com\/de\/guestwishlist\/index\/add\/&quot;,&quot;data&quot;:{&quot;product&quot;:&quot;18894&quot;,&quot;super_attribute[175]&quot;:&quot;91&quot;,&quot;super_attribute[187]&quot;:&quot;274&quot;,&quot;uenc&quot;:&quot;aHR0cHM6Ly93d3cubW9ldmVucGljay13ZWluLmNvbS9kZS8,&quot;}}" data-action="add-to-wishlist" role="button" tabindex="0">
        <svg class="logo-moev"><use xlink:href="#icon-heart"></use></svg>
        <span>Zur Merkliste hinzufügen</span>
    </a>
                                                                                    </div>
                                    </form>
                                                            </div>

                        </div>
                    </li><li class="item slick-slide slick-active" data-slick-index="4" aria-hidden="false" tabindex="-1" role="option" aria-describedby="slick-slide04" style="width: 320px;">
                        <div class="product-box">
                            <div class="banner">
                                                                    <p class="cellar-name">USA | Kalifornien</p>
                                                            </div>

                            <h2 class="product-name">
                                <a href="https://www.moevenpick-wein.com/de/2017-disciples-napa-valley-the-crane-assembly.html" title="2017 Disciples Napa Valley The Crane Assembly" tabindex="0">
                                    <span class="product-name-1">2017 Disciples</span>
                                </a>
                            </h2>

                            <div class="wr-product">
                                <div class="product-box-image col-xs-4">
                                    <a href="https://www.moevenpick-wein.com/de/2017-disciples-napa-valley-the-crane-assembly.html" class="p-image" tabindex="0">

<span class="product-image-container" style="width:60px;">
    <span class="product-image-wrapper">
        <img class="product-image-photo" src="./index_files/8677_14.png" width="60" height="180" alt="2017 Disciples Napa Valley The Crane Assembly 750.00"></span>
</span>
                                    </a>
                                                                            <div class="flags">
                                                                                            <p>
                                                    <span class="discount-tag small">
                                                        20%                                                    </span>
                                                </p>
                                                                                    </div>
                                                                    </div>

                                <div class="product-box-details col-xs-8">
                                    <p class="product-name">
                                        <span class="product-name-part">Napa Valley</span>
                                        <span class="product-name-part">The Crane Assembly</span>
                                    </p>


                                    <p class="rating-score">
                                        Score                                        19/20                                    </p>

                                    <div class="price-box">
                                        <div id="price-cont-18952" class="price-wrapper priceline">
                                            <div class="price-box price-final_price" data-role="priceBox" data-product-id="18941">
    <span class="special-price">

<span class="price-container price-final_price tax weee">
            <span class="price-label">Sonderangebot</span>
        <span id="old-price-18941-final_price" data-price-amount="55" data-price-type="finalPrice" class="price-wrapper ">
        <span class="price">CHF&nbsp;55.00</span>    </span>
        </span>
    </span>
                <meta itemprop="priceValidUntil" content="2020-04-05T00:00:00+0000">
        <span class="old-price">

<span class="price-container price-final_price tax weee">
            <span class="price-label">Normalpreis</span>
        <span id="old-price-18941-final_price" data-price-amount="69" data-price-type="oldPrice" class="price-wrapper ">
        <span class="price">CHF&nbsp;69.00</span>    </span>
        </span>
    </span>
<meta itemprop="url" content="https://www.moevenpick-wein.com/de/">
</div>                                        </div>

                                                                                    <span class="bottle-size" id="bottlesize-cont-18952">
                                                                                                75 cl                                            </span>

                                                                                    <span class="base-price">
                                                (CHF&nbsp;73.33 / l)
                                            </span>

                                        <span class="tax-note">
                                            <div class="label-including-taxes">
                                                Preis inkl. Mwst.,                                            </div>
                                            <a href="https://www.moevenpick-wein.com/de/versand" onclick="window.open(this.href);return false;" tabindex="0">
                                                zzgl. Versand                                            </a>
                                        </span>
                                    </div>
                                </div>

                                                                    <div class="selling-point">
                                        <span>Besticht durch Finesse und berauschende Tahiti Crème</span>
                                        <span class="link-to-details"><a href="https://www.moevenpick-wein.com/de/2017-disciples-napa-valley-the-crane-assembly.html" tabindex="0">Details</a></span>
                                    </div>
                                                            </div>

                            <div class="add-to-box">
                                                                                                        <form data-role="productwidget-tocart-form" action="https://www.moevenpick-wein.com/de/checkout/cart/add/uenc/aHR0cHM6Ly93d3cubW9ldmVucGljay13ZWluLmNvbS9kZS8%2C/product/18952/" method="post">
                                        <input type="hidden" name="product" value="18952" tabindex="0">
                                        <input type="hidden" name="uenc" value="aHR0cHM6Ly93d3cubW9ldmVucGljay13ZWluLmNvbS9kZS9jaGVja291dC9jYXJ0L2FkZC91ZW5jL2FIUjBjSE02THk5M2QzY3ViVzlsZG1WdWNHbGpheTEzWldsdUxtTnZiUzlrWlM4JTJDL3Byb2R1Y3QvMTg5NTIv" tabindex="0">
                                        <input name="form_key" type="hidden" value="RjTXfPsQpjzDo3iy" tabindex="0">                                                                                    <input name="super_attribute[175]" value="91" style="visibility: hidden; position:absolute; left:-1000px" type="text" tabindex="0">
                                            <input name="super_attribute[187]" value="243" style="visibility: hidden; position:absolute; left:-1000px" type="text" tabindex="0">
                                                                                <div class="buttonline">

                                            <span class="ui-spinner ui-widget ui-widget-content ui-corner-all"><input class="input-text qty ui-spinner-input" type="number" name="qty" min="1" value="6" aria-valuemin="1" aria-valuenow="6" autocomplete="off" role="spinbutton" tabindex="0"><a class="ui-spinner-button ui-spinner-up ui-corner-tr ui-button ui-widget ui-state-default ui-button-text-only" tabindex="0" role="button" aria-disabled="false"><span class="ui-button-text">▲</span></a><a class="ui-spinner-button ui-spinner-down ui-corner-br ui-button ui-widget ui-state-default ui-button-text-only" tabindex="0" role="button" aria-disabled="false"><span class="ui-button-text">▼</span></a></span>

                                            <button type="submit" title="In den Warenkorb" class="button btn-cart primary action tocart" tabindex="0">
                                                <svg class="logo-moev"><use xlink:href="#icon-cart"></use></svg>
                                                <span>In den Warenkorb</span>
                                            </button>
                                                                                                                                                <a href="https://www.moevenpick-wein.com/de/#" class="action towishlist btn btn-wishlist primary-invert" title="Zur Merkliste hinzufügen" aria-label="Zur Merkliste hinzufügen" data-post="{&quot;action&quot;:&quot;https:\/\/www.moevenpick-wein.com\/de\/guestwishlist\/index\/add\/&quot;,&quot;data&quot;:{&quot;product&quot;:&quot;18952&quot;,&quot;super_attribute[175]&quot;:&quot;91&quot;,&quot;super_attribute[187]&quot;:&quot;243&quot;,&quot;uenc&quot;:&quot;aHR0cHM6Ly93d3cubW9ldmVucGljay13ZWluLmNvbS9kZS8,&quot;}}" data-action="add-to-wishlist" role="button" tabindex="0">
        <svg class="logo-moev"><use xlink:href="#icon-heart"></use></svg>
        <span>Zur Merkliste hinzufügen</span>
    </a>
                                                                                    </div>
                                    </form>
                                                            </div>

                        </div>
                    </li><li class="item slick-slide slick-active" data-slick-index="5" aria-hidden="false" tabindex="-1" role="option" aria-describedby="slick-slide05" style="width: 320px;">
                        <div class="product-box">
                            <div class="banner">
                                                                    <p class="cellar-name">Italien | Piemont</p>
                                                            </div>

                            <h2 class="product-name">
                                <a href="https://www.moevenpick-wein.com/de/2017-pomorosso-nizza-docg-coppo.html" title="2017 Pomorosso Nizza DOCG Coppo" tabindex="0">
                                    <span class="product-name-1">2017 Pomorosso</span>
                                </a>
                            </h2>

                            <div class="wr-product">
                                <div class="product-box-image col-xs-4">
                                    <a href="https://www.moevenpick-wein.com/de/2017-pomorosso-nizza-docg-coppo.html" class="p-image" tabindex="0">

<span class="product-image-container" style="width:60px;">
    <span class="product-image-wrapper">
        <img class="product-image-photo" src="./index_files/2120_16.png" width="60" height="180" alt="2017 Pomorosso Nizza DOCG Coppo 750.00"></span>
</span>
                                    </a>
                                                                            <div class="flags">
                                                                                            <p>
                                                    <span class="discount-tag small">
                                                        20%                                                    </span>
                                                </p>
                                                                                    </div>
                                                                    </div>

                                <div class="product-box-details col-xs-8">
                                    <p class="product-name">
                                        <span class="product-name-part">Nizza DOCG</span>
                                        <span class="product-name-part">Coppo</span>
                                    </p>


                                    <p class="rating-score">
                                        Gambero Rosso                                        3/3                                    </p>

                                    <div class="price-box">
                                        <div id="price-cont-17790" class="price-wrapper priceline">
                                            <div class="price-box price-final_price" data-role="priceBox" data-product-id="17780">
    <span class="special-price">

<span class="price-container price-final_price tax weee">
            <span class="price-label">Sonderangebot</span>
        <span id="old-price-17780-final_price" data-price-amount="47" data-price-type="finalPrice" class="price-wrapper ">
        <span class="price">CHF&nbsp;47.00</span>    </span>
        </span>
    </span>
                <meta itemprop="priceValidUntil" content="2020-04-26T00:00:00+0000">
        <span class="old-price">

<span class="price-container price-final_price tax weee">
            <span class="price-label">Normalpreis</span>
        <span id="old-price-17780-final_price" data-price-amount="59" data-price-type="oldPrice" class="price-wrapper ">
        <span class="price">CHF&nbsp;59.00</span>    </span>
        </span>
    </span>
<meta itemprop="url" content="https://www.moevenpick-wein.com/de/">
</div>                                        </div>

                                                                                    <span class="bottle-size" id="bottlesize-cont-17790">
                                                                                                75 cl                                            </span>

                                                                                    <span class="base-price">
                                                (CHF&nbsp;62.67 / l)
                                            </span>

                                        <span class="tax-note">
                                            <div class="label-including-taxes">
                                                Preis inkl. Mwst.,                                            </div>
                                            <a href="https://www.moevenpick-wein.com/de/versand" onclick="window.open(this.href);return false;" tabindex="0">
                                                zzgl. Versand                                            </a>
                                        </span>
                                    </div>
                                </div>

                                                                    <div class="selling-point">
                                        <span>Barbera-Ikone von Coppo</span>
                                        <span class="link-to-details"><a href="https://www.moevenpick-wein.com/de/2017-pomorosso-nizza-docg-coppo.html" tabindex="0">Details</a></span>
                                    </div>
                                                            </div>

                            <div class="add-to-box">
                                                                                                        <form data-role="productwidget-tocart-form" action="https://www.moevenpick-wein.com/de/checkout/cart/add/uenc/aHR0cHM6Ly93d3cubW9ldmVucGljay13ZWluLmNvbS9kZS8%2C/product/17790/" method="post">
                                        <input type="hidden" name="product" value="17790" tabindex="0">
                                        <input type="hidden" name="uenc" value="aHR0cHM6Ly93d3cubW9ldmVucGljay13ZWluLmNvbS9kZS9jaGVja291dC9jYXJ0L2FkZC91ZW5jL2FIUjBjSE02THk5M2QzY3ViVzlsZG1WdWNHbGpheTEzWldsdUxtTnZiUzlrWlM4JTJDL3Byb2R1Y3QvMTc3OTAv" tabindex="0">
                                        <input name="form_key" type="hidden" value="RjTXfPsQpjzDo3iy" tabindex="0">                                                                                    <input name="super_attribute[175]" value="91" style="visibility: hidden; position:absolute; left:-1000px" type="text" tabindex="0">
                                            <input name="super_attribute[187]" value="273" style="visibility: hidden; position:absolute; left:-1000px" type="text" tabindex="0">
                                                                                <div class="buttonline">

                                            <span class="ui-spinner ui-widget ui-widget-content ui-corner-all"><input class="input-text qty ui-spinner-input" type="number" name="qty" min="1" value="6" aria-valuemin="1" aria-valuenow="6" autocomplete="off" role="spinbutton" tabindex="0"><a class="ui-spinner-button ui-spinner-up ui-corner-tr ui-button ui-widget ui-state-default ui-button-text-only" tabindex="0" role="button" aria-disabled="false"><span class="ui-button-text">▲</span></a><a class="ui-spinner-button ui-spinner-down ui-corner-br ui-button ui-widget ui-state-default ui-button-text-only" tabindex="0" role="button" aria-disabled="false"><span class="ui-button-text">▼</span></a></span>

                                            <button type="submit" title="In den Warenkorb" class="button btn-cart primary action tocart" tabindex="0">
                                                <svg class="logo-moev"><use xlink:href="#icon-cart"></use></svg>
                                                <span>In den Warenkorb</span>
                                            </button>
                                                                                                                                                <a href="https://www.moevenpick-wein.com/de/#" class="action towishlist btn btn-wishlist primary-invert" title="Zur Merkliste hinzufügen" aria-label="Zur Merkliste hinzufügen" data-post="{&quot;action&quot;:&quot;https:\/\/www.moevenpick-wein.com\/de\/guestwishlist\/index\/add\/&quot;,&quot;data&quot;:{&quot;product&quot;:&quot;17790&quot;,&quot;super_attribute[175]&quot;:&quot;91&quot;,&quot;super_attribute[187]&quot;:&quot;273&quot;,&quot;uenc&quot;:&quot;aHR0cHM6Ly93d3cubW9ldmVucGljay13ZWluLmNvbS9kZS8,&quot;}}" data-action="add-to-wishlist" role="button" tabindex="0">
        <svg class="logo-moev"><use xlink:href="#icon-heart"></use></svg>
        <span>Zur Merkliste hinzufügen</span>
    </a>
                                                                                    </div>
                                    </form>
                                                            </div>

                        </div>
                    </li><li class="item slick-slide" data-slick-index="6" aria-hidden="true" tabindex="-1" role="option" aria-describedby="slick-slide06" style="width: 320px;">
                        <div class="product-box">
                            <div class="banner">
                                                                    <p class="cellar-name">Australien | South-Australia</p>
                                                            </div>

                            <h2 class="product-name">
                                <a href="https://www.moevenpick-wein.com/de/2017-shiraz-zephyrus-barossa-valley-sons-of-eden.html" title="2017 Shiraz Zephyrus Barossa Valley Sons of Eden" tabindex="-1">
                                    <span class="product-name-1">2017 Shiraz Zephyrus</span>
                                </a>
                            </h2>

                            <div class="wr-product">
                                <div class="product-box-image col-xs-4">
                                    <a href="https://www.moevenpick-wein.com/de/2017-shiraz-zephyrus-barossa-valley-sons-of-eden.html" class="p-image" tabindex="-1">

<span class="product-image-container" style="width:60px;">
    <span class="product-image-wrapper">
        <img class="product-image-photo" src="./index_files/7944_13.png" width="60" height="180" alt="2017 Shiraz Zephyrus Barossa Valley Sons of Eden 750.00"></span>
</span>
                                    </a>
                                                                            <div class="flags">
                                                                                            <p>
                                                    <span class="discount-tag small">
                                                        33%                                                    </span>
                                                </p>
                                                                                    </div>
                                                                    </div>

                                <div class="product-box-details col-xs-8">
                                    <p class="product-name">
                                        <span class="product-name-part">Barossa Valley</span>
                                        <span class="product-name-part">Sons of Eden</span>
                                    </p>


                                    <p class="rating-score">
                                        J. Halliday                                        96/100                                    </p>

                                    <div class="price-box">
                                        <div id="price-cont-13987" class="price-wrapper priceline">
                                            <div class="price-box price-final_price" data-role="priceBox" data-product-id="13982">
    <span class="special-price">

<span class="price-container price-final_price tax weee">
            <span class="price-label">Sonderangebot</span>
        <span id="old-price-13982-final_price" data-price-amount="26" data-price-type="finalPrice" class="price-wrapper ">
        <span class="price">CHF&nbsp;26.00</span>    </span>
        </span>
    </span>
                <meta itemprop="priceValidUntil" content="2020-04-05T00:00:00+0000">
        <span class="old-price">

<span class="price-container price-final_price tax weee">
            <span class="price-label">Normalpreis</span>
        <span id="old-price-13982-final_price" data-price-amount="39" data-price-type="oldPrice" class="price-wrapper ">
        <span class="price">CHF&nbsp;39.00</span>    </span>
        </span>
    </span>
<meta itemprop="url" content="https://www.moevenpick-wein.com/de/">
</div>                                        </div>

                                                                                    <span class="bottle-size" id="bottlesize-cont-13987">
                                                                                                75 cl                                            </span>

                                                                                    <span class="base-price">
                                                (CHF&nbsp;34.67 / l)
                                            </span>

                                        <span class="tax-note">
                                            <div class="label-including-taxes">
                                                Preis inkl. Mwst.,                                            </div>
                                            <a href="https://www.moevenpick-wein.com/de/versand" onclick="window.open(this.href);return false;" tabindex="-1">
                                                zzgl. Versand                                            </a>
                                        </span>
                                    </div>
                                </div>

                                                                    <div class="selling-point">
                                        <span>Aus dem Garten Eden</span>
                                        <span class="link-to-details"><a href="https://www.moevenpick-wein.com/de/2017-shiraz-zephyrus-barossa-valley-sons-of-eden.html" tabindex="-1">Details</a></span>
                                    </div>
                                                            </div>

                            <div class="add-to-box">
                                                                                                        <form data-role="productwidget-tocart-form" action="https://www.moevenpick-wein.com/de/checkout/cart/add/uenc/aHR0cHM6Ly93d3cubW9ldmVucGljay13ZWluLmNvbS9kZS8%2C/product/13987/" method="post">
                                        <input type="hidden" name="product" value="13987" tabindex="-1">
                                        <input type="hidden" name="uenc" value="aHR0cHM6Ly93d3cubW9ldmVucGljay13ZWluLmNvbS9kZS9jaGVja291dC9jYXJ0L2FkZC91ZW5jL2FIUjBjSE02THk5M2QzY3ViVzlsZG1WdWNHbGpheTEzWldsdUxtTnZiUzlrWlM4JTJDL3Byb2R1Y3QvMTM5ODcv" tabindex="-1">
                                        <input name="form_key" type="hidden" value="RjTXfPsQpjzDo3iy" tabindex="-1">                                                                                    <input name="super_attribute[175]" value="91" style="visibility: hidden; position:absolute; left:-1000px" type="text" tabindex="-1">
                                            <input name="super_attribute[187]" value="274" style="visibility: hidden; position:absolute; left:-1000px" type="text" tabindex="-1">
                                                                                <div class="buttonline">

                                            <span class="ui-spinner ui-widget ui-widget-content ui-corner-all"><input class="input-text qty ui-spinner-input" type="number" name="qty" min="1" value="6" aria-valuemin="1" aria-valuenow="6" autocomplete="off" role="spinbutton" tabindex="-1"><a class="ui-spinner-button ui-spinner-up ui-corner-tr ui-button ui-widget ui-state-default ui-button-text-only" tabindex="-1" role="button" aria-disabled="false"><span class="ui-button-text">▲</span></a><a class="ui-spinner-button ui-spinner-down ui-corner-br ui-button ui-widget ui-state-default ui-button-text-only" tabindex="-1" role="button" aria-disabled="false"><span class="ui-button-text">▼</span></a></span>

                                            <button type="submit" title="In den Warenkorb" class="button btn-cart primary action tocart" tabindex="-1">
                                                <svg class="logo-moev"><use xlink:href="#icon-cart"></use></svg>
                                                <span>In den Warenkorb</span>
                                            </button>
                                                                                                                                                <a href="https://www.moevenpick-wein.com/de/#" class="action towishlist btn btn-wishlist primary-invert" title="Zur Merkliste hinzufügen" aria-label="Zur Merkliste hinzufügen" data-post="{&quot;action&quot;:&quot;https:\/\/www.moevenpick-wein.com\/de\/guestwishlist\/index\/add\/&quot;,&quot;data&quot;:{&quot;product&quot;:&quot;13987&quot;,&quot;super_attribute[175]&quot;:&quot;91&quot;,&quot;super_attribute[187]&quot;:&quot;274&quot;,&quot;uenc&quot;:&quot;aHR0cHM6Ly93d3cubW9ldmVucGljay13ZWluLmNvbS9kZS8,&quot;}}" data-action="add-to-wishlist" role="button" tabindex="-1">
        <svg class="logo-moev"><use xlink:href="#icon-heart"></use></svg>
        <span>Zur Merkliste hinzufügen</span>
    </a>
                                                                                    </div>
                                    </form>
                                                            </div>

                        </div>
                    </li><li class="item slick-slide" data-slick-index="7" aria-hidden="true" tabindex="-1" role="option" aria-describedby="slick-slide07" style="width: 320px;">
                        <div class="product-box">
                            <div class="banner">
                                                                    <p class="cellar-name">Italien | Abruzzen</p>
                                                            </div>

                            <h2 class="product-name">
                                <a href="https://www.moevenpick-wein.com/de/2017-pecorino-gran-sasso-terre-di-chieti-igp-farnese-vini.html" title="2017 Pecorino Gran Sasso Terre di Chieti IGP Farnese Vini" tabindex="-1">
                                    <span class="product-name-1">2017 Pecorino Gran Sasso</span>
                                </a>
                            </h2>

                            <div class="wr-product">
                                <div class="product-box-image col-xs-4">
                                    <a href="https://www.moevenpick-wein.com/de/2017-pecorino-gran-sasso-terre-di-chieti-igp-farnese-vini.html" class="p-image" tabindex="-1">

<span class="product-image-container" style="width:60px;">
    <span class="product-image-wrapper">
        <img class="product-image-photo" src="./index_files/9404.png" width="60" height="180" alt="2017 Pecorino Gran Sasso Terre di Chieti IGP Farnese Vini 750.00"></span>
</span>
                                    </a>
                                                                            <div class="flags">
                                                                                            <p>
                                                    <span class="discount-tag small">
                                                        32%                                                    </span>
                                                </p>
                                                                                    </div>
                                                                    </div>

                                <div class="product-box-details col-xs-8">
                                    <p class="product-name">
                                        <span class="product-name-part">Terre di Chieti IGP</span>
                                        <span class="product-name-part">Farnese Vini</span>
                                    </p>


                                    <p class="rating-score">
                                        Score                                        17.5/20                                    </p>

                                    <div class="price-box">
                                        <div id="price-cont-12390" class="price-wrapper priceline">
                                            <div class="price-box price-final_price" data-role="priceBox" data-product-id="12381">
    <span class="special-price">

<span class="price-container price-final_price tax weee">
            <span class="price-label">Sonderangebot</span>
        <span id="old-price-12381-final_price" data-price-amount="14.9" data-price-type="finalPrice" class="price-wrapper ">
        <span class="price">CHF&nbsp;14.90</span>    </span>
        </span>
    </span>
                <meta itemprop="priceValidUntil" content="2020-04-26T00:00:00+0000">
        <span class="old-price">

<span class="price-container price-final_price tax weee">
            <span class="price-label">Normalpreis</span>
        <span id="old-price-12381-final_price" data-price-amount="22" data-price-type="oldPrice" class="price-wrapper ">
        <span class="price">CHF&nbsp;22.00</span>    </span>
        </span>
    </span>
<meta itemprop="url" content="https://www.moevenpick-wein.com/de/">
</div>                                        </div>

                                                                                    <span class="bottle-size" id="bottlesize-cont-12390">
                                                                                                75 cl                                            </span>

                                                                                    <span class="base-price">
                                                (CHF&nbsp;19.87 / l)
                                            </span>

                                        <span class="tax-note">
                                            <div class="label-including-taxes">
                                                Preis inkl. Mwst.,                                            </div>
                                            <a href="https://www.moevenpick-wein.com/de/versand" onclick="window.open(this.href);return false;" tabindex="-1">
                                                zzgl. Versand                                            </a>
                                        </span>
                                    </div>
                                </div>

                                                                    <div class="selling-point">
                                        <span>Das Pecorino-Highlight aus den Abruzzen</span>
                                        <span class="link-to-details"><a href="https://www.moevenpick-wein.com/de/2017-pecorino-gran-sasso-terre-di-chieti-igp-farnese-vini.html" tabindex="-1">Details</a></span>
                                    </div>
                                                            </div>

                            <div class="add-to-box">
                                                                                                        <form data-role="productwidget-tocart-form" action="https://www.moevenpick-wein.com/de/checkout/cart/add/uenc/aHR0cHM6Ly93d3cubW9ldmVucGljay13ZWluLmNvbS9kZS8%2C/product/12390/" method="post">
                                        <input type="hidden" name="product" value="12390" tabindex="-1">
                                        <input type="hidden" name="uenc" value="aHR0cHM6Ly93d3cubW9ldmVucGljay13ZWluLmNvbS9kZS9jaGVja291dC9jYXJ0L2FkZC91ZW5jL2FIUjBjSE02THk5M2QzY3ViVzlsZG1WdWNHbGpheTEzWldsdUxtTnZiUzlrWlM4JTJDL3Byb2R1Y3QvMTIzOTAv" tabindex="-1">
                                        <input name="form_key" type="hidden" value="RjTXfPsQpjzDo3iy" tabindex="-1">                                                                                    <input name="super_attribute[175]" value="91" style="visibility: hidden; position:absolute; left:-1000px" type="text" tabindex="-1">
                                            <input name="super_attribute[187]" value="274" style="visibility: hidden; position:absolute; left:-1000px" type="text" tabindex="-1">
                                                                                <div class="buttonline">

                                            <span class="ui-spinner ui-widget ui-widget-content ui-corner-all"><input class="input-text qty ui-spinner-input" type="number" name="qty" min="1" value="6" aria-valuemin="1" aria-valuenow="6" autocomplete="off" role="spinbutton" tabindex="-1"><a class="ui-spinner-button ui-spinner-up ui-corner-tr ui-button ui-widget ui-state-default ui-button-text-only" tabindex="-1" role="button" aria-disabled="false"><span class="ui-button-text">▲</span></a><a class="ui-spinner-button ui-spinner-down ui-corner-br ui-button ui-widget ui-state-default ui-button-text-only" tabindex="-1" role="button" aria-disabled="false"><span class="ui-button-text">▼</span></a></span>

                                            <button type="submit" title="In den Warenkorb" class="button btn-cart primary action tocart" tabindex="-1">
                                                <svg class="logo-moev"><use xlink:href="#icon-cart"></use></svg>
                                                <span>In den Warenkorb</span>
                                            </button>
                                                                                                                                                <a href="https://www.moevenpick-wein.com/de/#" class="action towishlist btn btn-wishlist primary-invert" title="Zur Merkliste hinzufügen" aria-label="Zur Merkliste hinzufügen" data-post="{&quot;action&quot;:&quot;https:\/\/www.moevenpick-wein.com\/de\/guestwishlist\/index\/add\/&quot;,&quot;data&quot;:{&quot;product&quot;:&quot;12390&quot;,&quot;super_attribute[175]&quot;:&quot;91&quot;,&quot;super_attribute[187]&quot;:&quot;274&quot;,&quot;uenc&quot;:&quot;aHR0cHM6Ly93d3cubW9ldmVucGljay13ZWluLmNvbS9kZS8,&quot;}}" data-action="add-to-wishlist" role="button" tabindex="-1">
        <svg class="logo-moev"><use xlink:href="#icon-heart"></use></svg>
        <span>Zur Merkliste hinzufügen</span>
    </a>
                                                                                    </div>
                                    </form>
                                                            </div>

                        </div>
                    </li><li class="item slick-slide slick-cloned" data-slick-index="8" aria-hidden="true" tabindex="-1" style="width: 320px;">
                        <div class="product-box">
                            <div class="banner">
                                                                    <p class="cellar-name">Italien | Apulien</p>
                                                            </div>

                            <h2 class="product-name">
                                <a href="https://www.moevenpick-wein.com/de/2017-angelo-primo-nero-di-troia-puglia-igp-cantine-paradiso.html" title="2017 Angelo Primo Nero di Troia Puglia IGP Cantine Paradiso" tabindex="-1">
                                    <span class="product-name-1">2017 Angelo Primo</span>
                                </a>
                            </h2>

                            <div class="wr-product">
                                <div class="product-box-image col-xs-4">
                                    <a href="https://www.moevenpick-wein.com/de/2017-angelo-primo-nero-di-troia-puglia-igp-cantine-paradiso.html" class="p-image" tabindex="-1">

<span class="product-image-container" style="width:60px;">
    <span class="product-image-wrapper">
        <img class="product-image-photo" src="./index_files/10449.png" width="60" height="180" alt="2017 Angelo Primo Nero di Troia Puglia IGP Cantine Paradiso 750.00"></span>
</span>
                                    </a>
                                                                            <div class="flags">
                                                                                            <p>
                                                    <span class="discount-tag small">
                                                        26%                                                    </span>
                                                </p>
                                                                                    </div>
                                                                    </div>

                                <div class="product-box-details col-xs-8">
                                    <p class="product-name">
                                        <span class="product-name-part">Nero di Troia Puglia IGP</span>
                                        <span class="product-name-part">Cantine Paradiso</span>
                                    </p>


                                    <p class="rating-score">
                                        Luca Maroni                                        95/100                                    </p>

                                    <div class="price-box">
                                        <div id="" class="price-wrapper priceline">
                                            <div class="price-box price-final_price" data-role="priceBox" data-product-id="18896">
    <span class="special-price">

<span class="price-container price-final_price tax weee">
            <span class="price-label">Sonderangebot</span>
        <span id="" data-price-amount="21.9" data-price-type="finalPrice" class="price-wrapper ">
        <span class="price">CHF&nbsp;21.90</span>    </span>
        </span>
    </span>
                <meta itemprop="priceValidUntil" content="2020-04-26T00:00:00+0000">
        <span class="old-price">

<span class="price-container price-final_price tax weee">
            <span class="price-label">Normalpreis</span>
        <span id="" data-price-amount="29.5" data-price-type="oldPrice" class="price-wrapper ">
        <span class="price">CHF&nbsp;29.50</span>    </span>
        </span>
    </span>
<meta itemprop="url" content="https://www.moevenpick-wein.com/de/">
</div>                                        </div>

                                                                                    <span class="bottle-size" id="">
                                                                                                75 cl                                            </span>

                                                                                    <span class="base-price">
                                                (CHF&nbsp;29.20 / l)
                                            </span>

                                        <span class="tax-note">
                                            <div class="label-including-taxes">
                                                Preis inkl. Mwst.,                                            </div>
                                            <a href="https://www.moevenpick-wein.com/de/versand" onclick="window.open(this.href);return false;" tabindex="-1">
                                                zzgl. Versand                                            </a>
                                        </span>
                                    </div>
                                </div>

                                                                    <div class="selling-point">
                                        <span>Fruchtiger Charmeur mit 95 Punkten</span>
                                        <span class="link-to-details"><a href="https://www.moevenpick-wein.com/de/2017-angelo-primo-nero-di-troia-puglia-igp-cantine-paradiso.html" tabindex="-1">Details</a></span>
                                    </div>
                                                            </div>

                            <div class="add-to-box">
                                                                                                        <form data-role="productwidget-tocart-form" action="https://www.moevenpick-wein.com/de/checkout/cart/add/uenc/aHR0cHM6Ly93d3cubW9ldmVucGljay13ZWluLmNvbS9kZS8%2C/product/18909/" method="post">
                                        <input type="hidden" name="product" value="18909" tabindex="-1">
                                        <input type="hidden" name="uenc" value="aHR0cHM6Ly93d3cubW9ldmVucGljay13ZWluLmNvbS9kZS9jaGVja291dC9jYXJ0L2FkZC91ZW5jL2FIUjBjSE02THk5M2QzY3ViVzlsZG1WdWNHbGpheTEzWldsdUxtTnZiUzlrWlM4JTJDL3Byb2R1Y3QvMTg5MDkv" tabindex="-1">
                                        <input name="form_key" type="hidden" value="RjTXfPsQpjzDo3iy" tabindex="-1">                                                                                    <input name="super_attribute[175]" value="91" style="visibility: hidden; position:absolute; left:-1000px" type="text" tabindex="-1">
                                            <input name="super_attribute[187]" value="274" style="visibility: hidden; position:absolute; left:-1000px" type="text" tabindex="-1">
                                                                                <div class="buttonline">

                                            <span class="ui-spinner ui-widget ui-widget-content ui-corner-all"><input class="input-text qty ui-spinner-input" type="number" name="qty" min="1" value="6" aria-valuemin="1" aria-valuenow="6" autocomplete="off" role="spinbutton" tabindex="-1"><a class="ui-spinner-button ui-spinner-up ui-corner-tr ui-button ui-widget ui-state-default ui-button-text-only" tabindex="-1" role="button" aria-disabled="false"><span class="ui-button-text">▲</span></a><a class="ui-spinner-button ui-spinner-down ui-corner-br ui-button ui-widget ui-state-default ui-button-text-only" tabindex="-1" role="button" aria-disabled="false"><span class="ui-button-text">▼</span></a></span>

                                            <button type="submit" title="In den Warenkorb" class="button btn-cart primary action tocart" tabindex="-1">
                                                <svg class="logo-moev"><use xlink:href="#icon-cart"></use></svg>
                                                <span>In den Warenkorb</span>
                                            </button>
                                                                                                                                                <a href="https://www.moevenpick-wein.com/de/#" class="action towishlist btn btn-wishlist primary-invert" title="Zur Merkliste hinzufügen" aria-label="Zur Merkliste hinzufügen" data-post="{&quot;action&quot;:&quot;https:\/\/www.moevenpick-wein.com\/de\/guestwishlist\/index\/add\/&quot;,&quot;data&quot;:{&quot;product&quot;:&quot;18909&quot;,&quot;super_attribute[175]&quot;:&quot;91&quot;,&quot;super_attribute[187]&quot;:&quot;274&quot;,&quot;uenc&quot;:&quot;aHR0cHM6Ly93d3cubW9ldmVucGljay13ZWluLmNvbS9kZS8,&quot;}}" data-action="add-to-wishlist" role="button" tabindex="-1">
        <svg class="logo-moev"><use xlink:href="#icon-heart"></use></svg>
        <span>Zur Merkliste hinzufügen</span>
    </a>
                                                                                    </div>
                                    </form>
                                                            </div>

                        </div>
                    </li><li class="item slick-slide slick-cloned" data-slick-index="9" aria-hidden="true" tabindex="-1" style="width: 320px;">
                        <div class="product-box">
                            <div class="banner">
                                                                    <p class="cellar-name">Italien | Venetien</p>
                                                            </div>

                            <h2 class="product-name">
                                <a href="https://www.moevenpick-wein.com/de/2015-amarone-valpolicella-classico-docg-maestro-vivaldi.html" title="2015 Amarone Valpolicella Classico DOCG Maestro Vivaldi" tabindex="-1">
                                    <span class="product-name-1">2015 Amarone Valpolicella</span>
                                </a>
                            </h2>

                            <div class="wr-product">
                                <div class="product-box-image col-xs-4">
                                    <a href="https://www.moevenpick-wein.com/de/2015-amarone-valpolicella-classico-docg-maestro-vivaldi.html" class="p-image" tabindex="-1">

<span class="product-image-container" style="width:60px;">
    <span class="product-image-wrapper">
        <img class="product-image-photo" src="./index_files/6574.png" width="60" height="180" alt="2015 Amarone Valpolicella Classico DOCG Maestro Vivaldi 750.00"></span>
</span>
                                    </a>
                                                                            <div class="flags">
                                                                                            <p>
                                                    <span class="discount-tag small">
                                                        36%                                                    </span>
                                                </p>
                                                                                    </div>
                                                                    </div>

                                <div class="product-box-details col-xs-8">
                                    <p class="product-name">
                                        <span class="product-name-part">Classico DOCG</span>
                                        <span class="product-name-part">Maestro</span>
                                    </p>


                                    <p class="rating-score">
                                        Score                                        19/20                                    </p>

                                    <div class="price-box">
                                        <div id="" class="price-wrapper priceline">
                                            <div class="price-box price-final_price" data-role="priceBox" data-product-id="13301">
    <span class="special-price">

<span class="price-container price-final_price tax weee">
            <span class="price-label">Sonderangebot</span>
        <span id="" data-price-amount="29.5" data-price-type="finalPrice" class="price-wrapper ">
        <span class="price">CHF&nbsp;29.50</span>    </span>
        </span>
    </span>
                <meta itemprop="priceValidUntil" content="2020-04-26T00:00:00+0000">
        <span class="old-price">

<span class="price-container price-final_price tax weee">
            <span class="price-label">Normalpreis</span>
        <span id="" data-price-amount="46" data-price-type="oldPrice" class="price-wrapper ">
        <span class="price">CHF&nbsp;46.00</span>    </span>
        </span>
    </span>
<meta itemprop="url" content="https://www.moevenpick-wein.com/de/">
</div>                                        </div>

                                                                                    <span class="bottle-size" id="">
                                                                                                75 cl                                            </span>

                                                                                    <span class="base-price">
                                                (CHF&nbsp;39.33 / l)
                                            </span>

                                        <span class="tax-note">
                                            <div class="label-including-taxes">
                                                Preis inkl. Mwst.,                                            </div>
                                            <a href="https://www.moevenpick-wein.com/de/versand" onclick="window.open(this.href);return false;" tabindex="-1">
                                                zzgl. Versand                                            </a>
                                        </span>
                                    </div>
                                </div>

                                                                    <div class="selling-point">
                                        <span>Vom Terroirspezialisten Daniele Accordini</span>
                                        <span class="link-to-details"><a href="https://www.moevenpick-wein.com/de/2015-amarone-valpolicella-classico-docg-maestro-vivaldi.html" tabindex="-1">Details</a></span>
                                    </div>
                                                            </div>

                            <div class="add-to-box">
                                                                                                        <form data-role="productwidget-tocart-form" action="https://www.moevenpick-wein.com/de/checkout/cart/add/uenc/aHR0cHM6Ly93d3cubW9ldmVucGljay13ZWluLmNvbS9kZS8%2C/product/13307/" method="post">
                                        <input type="hidden" name="product" value="13307" tabindex="-1">
                                        <input type="hidden" name="uenc" value="aHR0cHM6Ly93d3cubW9ldmVucGljay13ZWluLmNvbS9kZS9jaGVja291dC9jYXJ0L2FkZC91ZW5jL2FIUjBjSE02THk5M2QzY3ViVzlsZG1WdWNHbGpheTEzWldsdUxtTnZiUzlrWlM4JTJDL3Byb2R1Y3QvMTMzMDcv" tabindex="-1">
                                        <input name="form_key" type="hidden" value="RjTXfPsQpjzDo3iy" tabindex="-1">                                                                                    <input name="super_attribute[175]" value="91" style="visibility: hidden; position:absolute; left:-1000px" type="text" tabindex="-1">
                                            <input name="super_attribute[187]" value="273" style="visibility: hidden; position:absolute; left:-1000px" type="text" tabindex="-1">
                                                                                <div class="buttonline">

                                            <span class="ui-spinner ui-widget ui-widget-content ui-corner-all"><input class="input-text qty ui-spinner-input" type="number" name="qty" min="1" value="6" aria-valuemin="1" aria-valuenow="6" autocomplete="off" role="spinbutton" tabindex="-1"><a class="ui-spinner-button ui-spinner-up ui-corner-tr ui-button ui-widget ui-state-default ui-button-text-only" tabindex="-1" role="button" aria-disabled="false"><span class="ui-button-text">▲</span></a><a class="ui-spinner-button ui-spinner-down ui-corner-br ui-button ui-widget ui-state-default ui-button-text-only" tabindex="-1" role="button" aria-disabled="false"><span class="ui-button-text">▼</span></a></span>

                                            <button type="submit" title="In den Warenkorb" class="button btn-cart primary action tocart" tabindex="-1">
                                                <svg class="logo-moev"><use xlink:href="#icon-cart"></use></svg>
                                                <span>In den Warenkorb</span>
                                            </button>
                                                                                                                                                <a href="https://www.moevenpick-wein.com/de/#" class="action towishlist btn btn-wishlist primary-invert" title="Zur Merkliste hinzufügen" aria-label="Zur Merkliste hinzufügen" data-post="{&quot;action&quot;:&quot;https:\/\/www.moevenpick-wein.com\/de\/guestwishlist\/index\/add\/&quot;,&quot;data&quot;:{&quot;product&quot;:&quot;13307&quot;,&quot;super_attribute[175]&quot;:&quot;91&quot;,&quot;super_attribute[187]&quot;:&quot;273&quot;,&quot;uenc&quot;:&quot;aHR0cHM6Ly93d3cubW9ldmVucGljay13ZWluLmNvbS9kZS8,&quot;}}" data-action="add-to-wishlist" role="button" tabindex="-1">
        <svg class="logo-moev"><use xlink:href="#icon-heart"></use></svg>
        <span>Zur Merkliste hinzufügen</span>
    </a>
                                                                                    </div>
                                    </form>
                                                            </div>

                        </div>
                    </li><li class="item slick-slide slick-cloned" data-slick-index="10" aria-hidden="true" tabindex="-1" style="width: 320px;">
                        <div class="product-box">
                            <div class="banner">
                                                                    <p class="cellar-name">USA | Kalifornien</p>
                                                            </div>

                            <h2 class="product-name">
                                <a href="https://www.moevenpick-wein.com/de/2017-six-eight-nine-napa-valley-689-cellars.html" title="2017 Six Eight Nine Napa Valley 689 Cellars" tabindex="-1">
                                    <span class="product-name-1">2017 Six Eight Nine</span>
                                </a>
                            </h2>

                            <div class="wr-product">
                                <div class="product-box-image col-xs-4">
                                    <a href="https://www.moevenpick-wein.com/de/2017-six-eight-nine-napa-valley-689-cellars.html" class="p-image" tabindex="-1">

<span class="product-image-container" style="width:60px;">
    <span class="product-image-wrapper">
        <img class="product-image-photo" src="./index_files/4657_g.png" width="60" height="180" alt="2017 Six Eight Nine Napa Valley 689 Cellars 750.00"></span>
</span>
                                    </a>
                                                                            <div class="flags">
                                                                                            <p>
                                                    <span class="discount-tag small">
                                                        12%                                                    </span>
                                                </p>
                                                                                    </div>
                                                                    </div>

                                <div class="product-box-details col-xs-8">
                                    <p class="product-name">
                                        <span class="product-name-part">Napa Valley</span>
                                        <span class="product-name-part">689 Cellars</span>
                                    </p>


                                    <p class="rating-score">
                                        Score                                        18.5/20                                    </p>

                                    <div class="price-box">
                                        <div id="" class="price-wrapper priceline">
                                            <div class="price-box price-final_price" data-role="priceBox" data-product-id="15363">
    <span class="special-price">

<span class="price-container price-final_price tax weee">
            <span class="price-label">Sonderangebot</span>
        <span id="" data-price-amount="23" data-price-type="finalPrice" class="price-wrapper ">
        <span class="price">CHF&nbsp;23.00</span>    </span>
        </span>
    </span>
                <meta itemprop="priceValidUntil" content="2020-04-05T00:00:00+0000">
        <span class="old-price">

<span class="price-container price-final_price tax weee">
            <span class="price-label">Normalpreis</span>
        <span id="" data-price-amount="26" data-price-type="oldPrice" class="price-wrapper ">
        <span class="price">CHF&nbsp;26.00</span>    </span>
        </span>
    </span>
<meta itemprop="url" content="https://www.moevenpick-wein.com/de/">
</div>                                        </div>

                                                                                    <span class="bottle-size" id="">
                                                                                                75 cl                                            </span>

                                                                                    <span class="base-price">
                                                (CHF&nbsp;30.67 / l)
                                            </span>

                                        <span class="tax-note">
                                            <div class="label-including-taxes">
                                                Preis inkl. Mwst.,                                            </div>
                                            <a href="https://www.moevenpick-wein.com/de/versand" onclick="window.open(this.href);return false;" tabindex="-1">
                                                zzgl. Versand                                            </a>
                                        </span>
                                    </div>
                                </div>

                                                                    <div class="selling-point">
                                        <span>Best Value aus dem Napa Valley</span>
                                        <span class="link-to-details"><a href="https://www.moevenpick-wein.com/de/2017-six-eight-nine-napa-valley-689-cellars.html" tabindex="-1">Details</a></span>
                                    </div>
                                                            </div>

                            <div class="add-to-box">
                                                                                                        <form data-role="productwidget-tocart-form" action="https://www.moevenpick-wein.com/de/checkout/cart/add/uenc/aHR0cHM6Ly93d3cubW9ldmVucGljay13ZWluLmNvbS9kZS8%2C/product/15387/" method="post">
                                        <input type="hidden" name="product" value="15387" tabindex="-1">
                                        <input type="hidden" name="uenc" value="aHR0cHM6Ly93d3cubW9ldmVucGljay13ZWluLmNvbS9kZS9jaGVja291dC9jYXJ0L2FkZC91ZW5jL2FIUjBjSE02THk5M2QzY3ViVzlsZG1WdWNHbGpheTEzWldsdUxtTnZiUzlrWlM4JTJDL3Byb2R1Y3QvMTUzODcv" tabindex="-1">
                                        <input name="form_key" type="hidden" value="RjTXfPsQpjzDo3iy" tabindex="-1">                                                                                    <input name="super_attribute[175]" value="91" style="visibility: hidden; position:absolute; left:-1000px" type="text" tabindex="-1">
                                            <input name="super_attribute[187]" value="243" style="visibility: hidden; position:absolute; left:-1000px" type="text" tabindex="-1">
                                                                                <div class="buttonline">

                                            <span class="ui-spinner ui-widget ui-widget-content ui-corner-all"><input class="input-text qty ui-spinner-input" type="number" name="qty" min="1" value="6" aria-valuemin="1" aria-valuenow="6" autocomplete="off" role="spinbutton" tabindex="-1"><a class="ui-spinner-button ui-spinner-up ui-corner-tr ui-button ui-widget ui-state-default ui-button-text-only" tabindex="-1" role="button" aria-disabled="false"><span class="ui-button-text">▲</span></a><a class="ui-spinner-button ui-spinner-down ui-corner-br ui-button ui-widget ui-state-default ui-button-text-only" tabindex="-1" role="button" aria-disabled="false"><span class="ui-button-text">▼</span></a></span>

                                            <button type="submit" title="In den Warenkorb" class="button btn-cart primary action tocart" tabindex="-1">
                                                <svg class="logo-moev"><use xlink:href="#icon-cart"></use></svg>
                                                <span>In den Warenkorb</span>
                                            </button>
                                                                                                                                                <a href="https://www.moevenpick-wein.com/de/#" class="action towishlist btn btn-wishlist primary-invert" title="Zur Merkliste hinzufügen" aria-label="Zur Merkliste hinzufügen" data-post="{&quot;action&quot;:&quot;https:\/\/www.moevenpick-wein.com\/de\/guestwishlist\/index\/add\/&quot;,&quot;data&quot;:{&quot;product&quot;:&quot;15387&quot;,&quot;super_attribute[175]&quot;:&quot;91&quot;,&quot;super_attribute[187]&quot;:&quot;243&quot;,&quot;uenc&quot;:&quot;aHR0cHM6Ly93d3cubW9ldmVucGljay13ZWluLmNvbS9kZS8,&quot;}}" data-action="add-to-wishlist" role="button" tabindex="-1">
        <svg class="logo-moev"><use xlink:href="#icon-heart"></use></svg>
        <span>Zur Merkliste hinzufügen</span>
    </a>
                                                                                    </div>
                                    </form>
                                                            </div>

                        </div>
                    </li><li class="item slick-slide slick-cloned" data-slick-index="11" aria-hidden="true" tabindex="-1" style="width: 320px;">
                        <div class="product-box">
                            <div class="banner">
                                                                    <p class="cellar-name">Italien | Toskana</p>
                                                            </div>

                            <h2 class="product-name">
                                <a href="https://www.moevenpick-wein.com/de/2017-il-seggio-rosso-bolgheri-doc-marilisa-allegrini-poggio-al-tesoro.html" title="2017 Il Seggio Rosso Bolgheri DOC Marilisa Allegrini Poggio al Tesoro" tabindex="-1">
                                    <span class="product-name-1">2017 Il Seggio</span>
                                </a>
                            </h2>

                            <div class="wr-product">
                                <div class="product-box-image col-xs-4">
                                    <a href="https://www.moevenpick-wein.com/de/2017-il-seggio-rosso-bolgheri-doc-marilisa-allegrini-poggio-al-tesoro.html" class="p-image" tabindex="-1">

<span class="product-image-container" style="width:60px;">
    <span class="product-image-wrapper">
        <img class="product-image-photo" src="./index_files/9492.png" width="60" height="180" alt="2017 Il Seggio Rosso Bolgheri DOC Marilisa Allegrini Poggio al Tesoro 750.00"></span>
</span>
                                    </a>
                                                                            <div class="flags">
                                                                                            <p>
                                                    <span class="discount-tag small">
                                                        22%                                                    </span>
                                                </p>
                                                                                    </div>
                                                                    </div>

                                <div class="product-box-details col-xs-8">
                                    <p class="product-name">
                                        <span class="product-name-part">Rosso Bolgheri DOC</span>
                                        <span class="product-name-part">Marilisa Allegrini</span>
                                    </p>


                                    <p class="rating-score">
                                        Score                                        18.5/20                                    </p>

                                    <div class="price-box">
                                        <div id="" class="price-wrapper priceline">
                                            <div class="price-box price-final_price" data-role="priceBox" data-product-id="18891">
    <span class="special-price">

<span class="price-container price-final_price tax weee">
            <span class="price-label">Sonderangebot</span>
        <span id="" data-price-amount="22.4" data-price-type="finalPrice" class="price-wrapper ">
        <span class="price">CHF&nbsp;22.40</span>    </span>
        </span>
    </span>
                <meta itemprop="priceValidUntil" content="2020-04-26T00:00:00+0000">
        <span class="old-price">

<span class="price-container price-final_price tax weee">
            <span class="price-label">Normalpreis</span>
        <span id="" data-price-amount="28.8" data-price-type="oldPrice" class="price-wrapper ">
        <span class="price">CHF&nbsp;28.80</span>    </span>
        </span>
    </span>
<meta itemprop="url" content="https://www.moevenpick-wein.com/de/">
</div>                                        </div>

                                                                                    <span class="bottle-size" id="">
                                                                                                75 cl                                            </span>

                                                                                    <span class="base-price">
                                                (CHF&nbsp;29.87 / l)
                                            </span>

                                        <span class="tax-note">
                                            <div class="label-including-taxes">
                                                Preis inkl. Mwst.,                                            </div>
                                            <a href="https://www.moevenpick-wein.com/de/versand" onclick="window.open(this.href);return false;" tabindex="-1">
                                                zzgl. Versand                                            </a>
                                        </span>
                                    </div>
                                </div>

                                                                    <div class="selling-point">
                                        <span>Allegrini macht im Bolgheri Furore</span>
                                        <span class="link-to-details"><a href="https://www.moevenpick-wein.com/de/2017-il-seggio-rosso-bolgheri-doc-marilisa-allegrini-poggio-al-tesoro.html" tabindex="-1">Details</a></span>
                                    </div>
                                                            </div>

                            <div class="add-to-box">
                                                                                                        <form data-role="productwidget-tocart-form" action="https://www.moevenpick-wein.com/de/checkout/cart/add/uenc/aHR0cHM6Ly93d3cubW9ldmVucGljay13ZWluLmNvbS9kZS8%2C/product/18894/" method="post">
                                        <input type="hidden" name="product" value="18894" tabindex="-1">
                                        <input type="hidden" name="uenc" value="aHR0cHM6Ly93d3cubW9ldmVucGljay13ZWluLmNvbS9kZS9jaGVja291dC9jYXJ0L2FkZC91ZW5jL2FIUjBjSE02THk5M2QzY3ViVzlsZG1WdWNHbGpheTEzWldsdUxtTnZiUzlrWlM4JTJDL3Byb2R1Y3QvMTg4OTQv" tabindex="-1">
                                        <input name="form_key" type="hidden" value="RjTXfPsQpjzDo3iy" tabindex="-1">                                                                                    <input name="super_attribute[175]" value="91" style="visibility: hidden; position:absolute; left:-1000px" type="text" tabindex="-1">
                                            <input name="super_attribute[187]" value="274" style="visibility: hidden; position:absolute; left:-1000px" type="text" tabindex="-1">
                                                                                <div class="buttonline">

                                            <span class="ui-spinner ui-widget ui-widget-content ui-corner-all"><input class="input-text qty ui-spinner-input" type="number" name="qty" min="1" value="6" aria-valuemin="1" aria-valuenow="6" autocomplete="off" role="spinbutton" tabindex="-1"><a class="ui-spinner-button ui-spinner-up ui-corner-tr ui-button ui-widget ui-state-default ui-button-text-only" tabindex="-1" role="button" aria-disabled="false"><span class="ui-button-text">▲</span></a><a class="ui-spinner-button ui-spinner-down ui-corner-br ui-button ui-widget ui-state-default ui-button-text-only" tabindex="-1" role="button" aria-disabled="false"><span class="ui-button-text">▼</span></a></span>

                                            <button type="submit" title="In den Warenkorb" class="button btn-cart primary action tocart" tabindex="-1">
                                                <svg class="logo-moev"><use xlink:href="#icon-cart"></use></svg>
                                                <span>In den Warenkorb</span>
                                            </button>
                                                                                                                                                <a href="https://www.moevenpick-wein.com/de/#" class="action towishlist btn btn-wishlist primary-invert" title="Zur Merkliste hinzufügen" aria-label="Zur Merkliste hinzufügen" data-post="{&quot;action&quot;:&quot;https:\/\/www.moevenpick-wein.com\/de\/guestwishlist\/index\/add\/&quot;,&quot;data&quot;:{&quot;product&quot;:&quot;18894&quot;,&quot;super_attribute[175]&quot;:&quot;91&quot;,&quot;super_attribute[187]&quot;:&quot;274&quot;,&quot;uenc&quot;:&quot;aHR0cHM6Ly93d3cubW9ldmVucGljay13ZWluLmNvbS9kZS8,&quot;}}" data-action="add-to-wishlist" role="button" tabindex="-1">
        <svg class="logo-moev"><use xlink:href="#icon-heart"></use></svg>
        <span>Zur Merkliste hinzufügen</span>
    </a>
                                                                                    </div>
                                    </form>
                                                            </div>

                        </div>
                    </li><li class="item slick-slide slick-cloned" data-slick-index="12" aria-hidden="true" tabindex="-1" style="width: 320px;">
                        <div class="product-box">
                            <div class="banner">
                                                                    <p class="cellar-name">USA | Kalifornien</p>
                                                            </div>

                            <h2 class="product-name">
                                <a href="https://www.moevenpick-wein.com/de/2017-disciples-napa-valley-the-crane-assembly.html" title="2017 Disciples Napa Valley The Crane Assembly" tabindex="-1">
                                    <span class="product-name-1">2017 Disciples</span>
                                </a>
                            </h2>

                            <div class="wr-product">
                                <div class="product-box-image col-xs-4">
                                    <a href="https://www.moevenpick-wein.com/de/2017-disciples-napa-valley-the-crane-assembly.html" class="p-image" tabindex="-1">

<span class="product-image-container" style="width:60px;">
    <span class="product-image-wrapper">
        <img class="product-image-photo" src="./index_files/8677_14.png" width="60" height="180" alt="2017 Disciples Napa Valley The Crane Assembly 750.00"></span>
</span>
                                    </a>
                                                                            <div class="flags">
                                                                                            <p>
                                                    <span class="discount-tag small">
                                                        20%                                                    </span>
                                                </p>
                                                                                    </div>
                                                                    </div>

                                <div class="product-box-details col-xs-8">
                                    <p class="product-name">
                                        <span class="product-name-part">Napa Valley</span>
                                        <span class="product-name-part">The Crane Assembly</span>
                                    </p>


                                    <p class="rating-score">
                                        Score                                        19/20                                    </p>

                                    <div class="price-box">
                                        <div id="" class="price-wrapper priceline">
                                            <div class="price-box price-final_price" data-role="priceBox" data-product-id="18941">
    <span class="special-price">

<span class="price-container price-final_price tax weee">
            <span class="price-label">Sonderangebot</span>
        <span id="" data-price-amount="55" data-price-type="finalPrice" class="price-wrapper ">
        <span class="price">CHF&nbsp;55.00</span>    </span>
        </span>
    </span>
                <meta itemprop="priceValidUntil" content="2020-04-05T00:00:00+0000">
        <span class="old-price">

<span class="price-container price-final_price tax weee">
            <span class="price-label">Normalpreis</span>
        <span id="" data-price-amount="69" data-price-type="oldPrice" class="price-wrapper ">
        <span class="price">CHF&nbsp;69.00</span>    </span>
        </span>
    </span>
<meta itemprop="url" content="https://www.moevenpick-wein.com/de/">
</div>                                        </div>

                                                                                    <span class="bottle-size" id="">
                                                                                                75 cl                                            </span>

                                                                                    <span class="base-price">
                                                (CHF&nbsp;73.33 / l)
                                            </span>

                                        <span class="tax-note">
                                            <div class="label-including-taxes">
                                                Preis inkl. Mwst.,                                            </div>
                                            <a href="https://www.moevenpick-wein.com/de/versand" onclick="window.open(this.href);return false;" tabindex="-1">
                                                zzgl. Versand                                            </a>
                                        </span>
                                    </div>
                                </div>

                                                                    <div class="selling-point">
                                        <span>Besticht durch Finesse und berauschende Tahiti Crème</span>
                                        <span class="link-to-details"><a href="https://www.moevenpick-wein.com/de/2017-disciples-napa-valley-the-crane-assembly.html" tabindex="-1">Details</a></span>
                                    </div>
                                                            </div>

                            <div class="add-to-box">
                                                                                                        <form data-role="productwidget-tocart-form" action="https://www.moevenpick-wein.com/de/checkout/cart/add/uenc/aHR0cHM6Ly93d3cubW9ldmVucGljay13ZWluLmNvbS9kZS8%2C/product/18952/" method="post">
                                        <input type="hidden" name="product" value="18952" tabindex="-1">
                                        <input type="hidden" name="uenc" value="aHR0cHM6Ly93d3cubW9ldmVucGljay13ZWluLmNvbS9kZS9jaGVja291dC9jYXJ0L2FkZC91ZW5jL2FIUjBjSE02THk5M2QzY3ViVzlsZG1WdWNHbGpheTEzWldsdUxtTnZiUzlrWlM4JTJDL3Byb2R1Y3QvMTg5NTIv" tabindex="-1">
                                        <input name="form_key" type="hidden" value="RjTXfPsQpjzDo3iy" tabindex="-1">                                                                                    <input name="super_attribute[175]" value="91" style="visibility: hidden; position:absolute; left:-1000px" type="text" tabindex="-1">
                                            <input name="super_attribute[187]" value="243" style="visibility: hidden; position:absolute; left:-1000px" type="text" tabindex="-1">
                                                                                <div class="buttonline">

                                            <span class="ui-spinner ui-widget ui-widget-content ui-corner-all"><input class="input-text qty ui-spinner-input" type="number" name="qty" min="1" value="6" aria-valuemin="1" aria-valuenow="6" autocomplete="off" role="spinbutton" tabindex="-1"><a class="ui-spinner-button ui-spinner-up ui-corner-tr ui-button ui-widget ui-state-default ui-button-text-only" tabindex="-1" role="button" aria-disabled="false"><span class="ui-button-text">▲</span></a><a class="ui-spinner-button ui-spinner-down ui-corner-br ui-button ui-widget ui-state-default ui-button-text-only" tabindex="-1" role="button" aria-disabled="false"><span class="ui-button-text">▼</span></a></span>

                                            <button type="submit" title="In den Warenkorb" class="button btn-cart primary action tocart" tabindex="-1">
                                                <svg class="logo-moev"><use xlink:href="#icon-cart"></use></svg>
                                                <span>In den Warenkorb</span>
                                            </button>
                                                                                                                                                <a href="https://www.moevenpick-wein.com/de/#" class="action towishlist btn btn-wishlist primary-invert" title="Zur Merkliste hinzufügen" aria-label="Zur Merkliste hinzufügen" data-post="{&quot;action&quot;:&quot;https:\/\/www.moevenpick-wein.com\/de\/guestwishlist\/index\/add\/&quot;,&quot;data&quot;:{&quot;product&quot;:&quot;18952&quot;,&quot;super_attribute[175]&quot;:&quot;91&quot;,&quot;super_attribute[187]&quot;:&quot;243&quot;,&quot;uenc&quot;:&quot;aHR0cHM6Ly93d3cubW9ldmVucGljay13ZWluLmNvbS9kZS8,&quot;}}" data-action="add-to-wishlist" role="button" tabindex="-1">
        <svg class="logo-moev"><use xlink:href="#icon-heart"></use></svg>
        <span>Zur Merkliste hinzufügen</span>
    </a>
                                                                                    </div>
                                    </form>
                                                            </div>

                        </div>
                    </li><li class="item slick-slide slick-cloned" data-slick-index="13" aria-hidden="true" tabindex="-1" style="width: 320px;">
                        <div class="product-box">
                            <div class="banner">
                                                                    <p class="cellar-name">Italien | Piemont</p>
                                                            </div>

                            <h2 class="product-name">
                                <a href="https://www.moevenpick-wein.com/de/2017-pomorosso-nizza-docg-coppo.html" title="2017 Pomorosso Nizza DOCG Coppo" tabindex="-1">
                                    <span class="product-name-1">2017 Pomorosso</span>
                                </a>
                            </h2>

                            <div class="wr-product">
                                <div class="product-box-image col-xs-4">
                                    <a href="https://www.moevenpick-wein.com/de/2017-pomorosso-nizza-docg-coppo.html" class="p-image" tabindex="-1">

<span class="product-image-container" style="width:60px;">
    <span class="product-image-wrapper">
        <img class="product-image-photo" src="./index_files/2120_16.png" width="60" height="180" alt="2017 Pomorosso Nizza DOCG Coppo 750.00"></span>
</span>
                                    </a>
                                                                            <div class="flags">
                                                                                            <p>
                                                    <span class="discount-tag small">
                                                        20%                                                    </span>
                                                </p>
                                                                                    </div>
                                                                    </div>

                                <div class="product-box-details col-xs-8">
                                    <p class="product-name">
                                        <span class="product-name-part">Nizza DOCG</span>
                                        <span class="product-name-part">Coppo</span>
                                    </p>


                                    <p class="rating-score">
                                        Gambero Rosso                                        3/3                                    </p>

                                    <div class="price-box">
                                        <div id="" class="price-wrapper priceline">
                                            <div class="price-box price-final_price" data-role="priceBox" data-product-id="17780">
    <span class="special-price">

<span class="price-container price-final_price tax weee">
            <span class="price-label">Sonderangebot</span>
        <span id="" data-price-amount="47" data-price-type="finalPrice" class="price-wrapper ">
        <span class="price">CHF&nbsp;47.00</span>    </span>
        </span>
    </span>
                <meta itemprop="priceValidUntil" content="2020-04-26T00:00:00+0000">
        <span class="old-price">

<span class="price-container price-final_price tax weee">
            <span class="price-label">Normalpreis</span>
        <span id="" data-price-amount="59" data-price-type="oldPrice" class="price-wrapper ">
        <span class="price">CHF&nbsp;59.00</span>    </span>
        </span>
    </span>
<meta itemprop="url" content="https://www.moevenpick-wein.com/de/">
</div>                                        </div>

                                                                                    <span class="bottle-size" id="">
                                                                                                75 cl                                            </span>

                                                                                    <span class="base-price">
                                                (CHF&nbsp;62.67 / l)
                                            </span>

                                        <span class="tax-note">
                                            <div class="label-including-taxes">
                                                Preis inkl. Mwst.,                                            </div>
                                            <a href="https://www.moevenpick-wein.com/de/versand" onclick="window.open(this.href);return false;" tabindex="-1">
                                                zzgl. Versand                                            </a>
                                        </span>
                                    </div>
                                </div>

                                                                    <div class="selling-point">
                                        <span>Barbera-Ikone von Coppo</span>
                                        <span class="link-to-details"><a href="https://www.moevenpick-wein.com/de/2017-pomorosso-nizza-docg-coppo.html" tabindex="-1">Details</a></span>
                                    </div>
                                                            </div>

                            <div class="add-to-box">
                                                                                                        <form data-role="productwidget-tocart-form" action="https://www.moevenpick-wein.com/de/checkout/cart/add/uenc/aHR0cHM6Ly93d3cubW9ldmVucGljay13ZWluLmNvbS9kZS8%2C/product/17790/" method="post">
                                        <input type="hidden" name="product" value="17790" tabindex="-1">
                                        <input type="hidden" name="uenc" value="aHR0cHM6Ly93d3cubW9ldmVucGljay13ZWluLmNvbS9kZS9jaGVja291dC9jYXJ0L2FkZC91ZW5jL2FIUjBjSE02THk5M2QzY3ViVzlsZG1WdWNHbGpheTEzWldsdUxtTnZiUzlrWlM4JTJDL3Byb2R1Y3QvMTc3OTAv" tabindex="-1">
                                        <input name="form_key" type="hidden" value="RjTXfPsQpjzDo3iy" tabindex="-1">                                                                                    <input name="super_attribute[175]" value="91" style="visibility: hidden; position:absolute; left:-1000px" type="text" tabindex="-1">
                                            <input name="super_attribute[187]" value="273" style="visibility: hidden; position:absolute; left:-1000px" type="text" tabindex="-1">
                                                                                <div class="buttonline">

                                            <span class="ui-spinner ui-widget ui-widget-content ui-corner-all"><input class="input-text qty ui-spinner-input" type="number" name="qty" min="1" value="6" aria-valuemin="1" aria-valuenow="6" autocomplete="off" role="spinbutton" tabindex="-1"><a class="ui-spinner-button ui-spinner-up ui-corner-tr ui-button ui-widget ui-state-default ui-button-text-only" tabindex="-1" role="button" aria-disabled="false"><span class="ui-button-text">▲</span></a><a class="ui-spinner-button ui-spinner-down ui-corner-br ui-button ui-widget ui-state-default ui-button-text-only" tabindex="-1" role="button" aria-disabled="false"><span class="ui-button-text">▼</span></a></span>

                                            <button type="submit" title="In den Warenkorb" class="button btn-cart primary action tocart" tabindex="-1">
                                                <svg class="logo-moev"><use xlink:href="#icon-cart"></use></svg>
                                                <span>In den Warenkorb</span>
                                            </button>
                                                                                                                                                <a href="https://www.moevenpick-wein.com/de/#" class="action towishlist btn btn-wishlist primary-invert" title="Zur Merkliste hinzufügen" aria-label="Zur Merkliste hinzufügen" data-post="{&quot;action&quot;:&quot;https:\/\/www.moevenpick-wein.com\/de\/guestwishlist\/index\/add\/&quot;,&quot;data&quot;:{&quot;product&quot;:&quot;17790&quot;,&quot;super_attribute[175]&quot;:&quot;91&quot;,&quot;super_attribute[187]&quot;:&quot;273&quot;,&quot;uenc&quot;:&quot;aHR0cHM6Ly93d3cubW9ldmVucGljay13ZWluLmNvbS9kZS8,&quot;}}" data-action="add-to-wishlist" role="button" tabindex="-1">
        <svg class="logo-moev"><use xlink:href="#icon-heart"></use></svg>
        <span>Zur Merkliste hinzufügen</span>
    </a>
                                                                                    </div>
                                    </form>
                                                            </div>

                        </div>
                    </li></div></div>





















                            <button type="button" data-role="none" class="slick-next slick-arrow" aria-label="Next" role="button" style="display: block;">Next</button></ul>
        </div>
    </div>

    <script type="text/javascript">
        require(['jquery', 'jquery/ui'], function($){
            $( ".input-text.qty" ).spinner();
        });

        var ProductQuickviewInit = {
            url: 'https://www.moevenpick-wein.com/de/moevcat/product/quickview/'
        };
    </script>


    </div>
</section>
<p>
</p><section class="content-section content-section--beige">
    <div class="content-section__inner">
        <h2 class="wine-of-the-year-headline">Wein des Jahres</h2>
    </div>
</section>

<div class="wine-of-the-year order-reversed">
                <section class="content-section">
        <div class="content-section__inner">
            <div class="wine-of-the-year-item default-view">
                <div class="product-info-wrapper">
                    <div class="product-box-image">
                        <img src="./index_files/10216.png" alt="2017 Primitivo di Manduria DOP Poggio Pasano Cantina Sava 750.00">
                    </div>
                    <div class="product-box-details">
                        <div class="blocker"></div>
                        <div class="product-name">
                                                            <span class="cellar-name">Italien | Apulien</span>
                                                        <span class="name product-name-part">2017 Primitivo di Manduria DOP</span>
                            <span class="vendor product-name-part">Poggio Pasano</span>
                            <span class="vendor product-name-part">Cantina Sava</span>
                        </div>

                        <div class="box-wrapper">
                            <div class="price-box">
                                <div id="price-cont-17557" class="price-wrapper priceline">
                                    <div class="price-box price-final_price" data-role="priceBox" data-product-id="17554">
    <span class="regular-price">

<span class="price-container price-final_price tax weee">
        <span id="old-price-17554-final_price" data-price-amount="18.9" data-price-type="finalPrice" class="price-wrapper ">
        <span class="price">CHF&nbsp;18.90</span>    </span>
        </span>
    </span>
<meta itemprop="url" content="https://www.moevenpick-wein.com/de/">
</div>                                </div>


                                                                    <span class="bottle-size" id="bottlesize-cont-17557">
                                                                                                                75 cl                                                    </span>

                                                                    <span class="base-price">
                                                        (CHF&nbsp;25.20 / l)
                                                    </span>
                                                                <br>
                                                                    <span class="availability in-stock">
                                            <strong>Lieferbar</strong>
                                            <span>in 2-3 Arbeitstagen.</span>
                                        </span>

                                <span class="tax-note">
                                <div class="label-including-taxes">

                                    Preis inkl. Mwst.,                                    <a href="https://www.moevenpick-wein.com/de/versand" onclick="window.open(this.href);return false;">
                                    zzgl. Versand                                    </a>
                                </div>
                            </span>
                            </div>

                            <div class="add-to-box">
                                                                                                        <form data-role="productwidget-tocart-form" action="https://www.moevenpick-wein.com/de/checkout/cart/add/uenc/aHR0cHM6Ly93d3cubW9ldmVucGljay13ZWluLmNvbS9kZS8%2C/product/17557/" method="post">
                                        <input type="hidden" name="product" value="17557">
                                        <input type="hidden" name="uenc" value="aHR0cHM6Ly93d3cubW9ldmVucGljay13ZWluLmNvbS9kZS9jaGVja291dC9jYXJ0L2FkZC91ZW5jL2FIUjBjSE02THk5M2QzY3ViVzlsZG1WdWNHbGpheTEzWldsdUxtTnZiUzlrWlM4JTJDL3Byb2R1Y3QvMTc1NTcv">
                                        <input name="form_key" type="hidden" value="RjTXfPsQpjzDo3iy">                                                                                    <input name="super_attribute[175]" value="91" style="visibility: hidden; position:absolute; left:-1000px" type="text">
                                            <input name="super_attribute[187]" value="274" style="visibility: hidden; position:absolute; left:-1000px" type="text">
                                                                                <div class="buttonline">

                                            <span class="ui-spinner ui-widget ui-widget-content ui-corner-all"><input class="input-text qty ui-spinner-input" type="number" name="qty" min="1" value="6" aria-valuemin="1" aria-valuenow="6" autocomplete="off" role="spinbutton"><a class="ui-spinner-button ui-spinner-up ui-corner-tr ui-button ui-widget ui-state-default ui-button-text-only" tabindex="-1" role="button" aria-disabled="false"><span class="ui-button-text">▲</span></a><a class="ui-spinner-button ui-spinner-down ui-corner-br ui-button ui-widget ui-state-default ui-button-text-only" tabindex="-1" role="button" aria-disabled="false"><span class="ui-button-text">▼</span></a></span>

                                            <button type="submit" title="In den Warenkorb" class="button btn-cart primary action tocart">
                                                <svg class="logo-moev"><use xlink:href="#icon-cart"></use></svg>
                                                <span>In den Warenkorb</span>
                                            </button>
                                                                                                                                                <a href="https://www.moevenpick-wein.com/de/#" class="action towishlist btn btn-wishlist primary-invert" title="Zur Merkliste hinzufügen" aria-label="Zur Merkliste hinzufügen" data-post="{&quot;action&quot;:&quot;https:\/\/www.moevenpick-wein.com\/de\/guestwishlist\/index\/add\/&quot;,&quot;data&quot;:{&quot;product&quot;:&quot;17557&quot;,&quot;super_attribute[175]&quot;:&quot;91&quot;,&quot;super_attribute[187]&quot;:&quot;274&quot;,&quot;uenc&quot;:&quot;aHR0cHM6Ly93d3cubW9ldmVucGljay13ZWluLmNvbS9kZS8,&quot;}}" data-action="add-to-wishlist" role="button">
        <svg class="logo-moev"><use xlink:href="#icon-heart"></use></svg>
        <span>Zur Merkliste hinzufügen</span>
    </a>
                                                                                    </div>
                                    </form>
                                                            </div>
                        </div>
                    </div>
                </div>
                <div class="additional-product-info description-box">

                                            <h3 class="product-selling-point">Primitivo-Perle mit 98 Punkten</h3>
                                        <div>
                                                    <p class="webtext">
                                Unser hoch prämierter Wein des Jahres stammt aus dem berühmten Primitivo-Anbaugebiet Manduria im Absatz des italienischen Stiefels. Hier bringen die über 40 Jahre alten knorrigen Buschreben Trauben mit einer beeindruckend intensiven Aromatik hervor. Mit dem 8-monatigen Ausbau in erstklassigen französischen und amerikanischen Barriquen unterstreicht der junge Chefönologe Dennis Verdecchia raffiniert die fruchtige Fülle und sorgt für eine feine Komplexität. Ein grossartiger Primitivo di Manduria, der hervorragend mit Pasta, Käse oder Lamm harmoniert.                            </p>
                                            </div>
                                            <div class="additional-attributes-wrapper table-wrapper">
                            <table class="data table additional-attributes product-attribute-specs-table">
                                <tbody>
                                                                    <tr>
                                        <th class="col label" scope="row">Artikelnummer</th>
                                        <td class="col data" data-th="Artikelnummer">1021617075C6100</td>
                                    </tr>
                                                                    <tr>
                                        <th class="col label" scope="row">Alkoholgehalt</th>
                                        <td class="col data" data-th="Alkoholgehalt">14.0% vol.</td>
                                    </tr>
                                                                    <tr>
                                        <th class="col label" scope="row">Traubensorte(n)</th>
                                        <td class="col data" data-th="Traubensorte(n)">100% Primitivo</td>
                                    </tr>
                                                                    <tr>
                                        <th class="col label" scope="row">Trinkreife</th>
                                        <td class="col data" data-th="Trinkreife">Jetzt bis 2025</td>
                                    </tr>
                                                                    <tr>
                                        <th class="col label" scope="row">Allergene</th>
                                        <td class="col data" data-th="Allergene">Enthält Sulfite</td>
                                    </tr>
                                                                <tr>
                                    <th class="col label" scope="row"></th>
                                    <td class="col data"><a href="https://www.moevenpick-wein.com/de/2017-primitivo-di-manduria-dop-poggio-pasano-cantina-sava.html">zur Produktdetailseite &gt;</a></td>
                                </tr>
                                </tbody>
                            </table>
                        </div>
                                    </div>
                <div class="product-link-mobile">
                    <a href="https://www.moevenpick-wein.com/de/2017-primitivo-di-manduria-dop-poggio-pasano-cantina-sava.html">zur Produktdetailseite &gt;</a>
                </div>
            </div>
        </div>
    </section>
            <section class="content-section">
        <div class="content-section__inner">
            <div class="wine-of-the-year-item default-view">
                <div class="product-info-wrapper">
                    <div class="product-box-image">
                        <img src="./index_files/d0117_ch.png" alt="Tasting Box Silver 4500.00">
                    </div>
                    <div class="product-box-details">
                        <div class="blocker"></div>
                        <div class="product-name">
                                                            <span class="cellar-name">Diverse Länder</span>
                                                        <span class="name product-name-part"> Tasting Box Silver</span>
                            <span class="vendor product-name-part"></span>
                            <span class="vendor product-name-part"></span>
                        </div>

                        <div class="box-wrapper">
                            <div class="price-box">
                                <div id="price-cont-18729" class="price-wrapper priceline">
                                    <div class="price-box price-final_price" data-role="priceBox" data-product-id="18729">
    <span class="special-price">

<span class="price-container price-final_price tax weee">
            <span class="price-label">Sonderangebot</span>
        <span id="old-price-18729-final_price" data-price-amount="79" data-price-type="finalPrice" class="price-wrapper ">
        <span class="price">CHF&nbsp;79.00</span>    </span>
        </span>
    </span>
                <meta itemprop="priceValidUntil" content="2020-04-05T00:00:00+0000">
        <span class="old-price">

<span class="price-container price-final_price tax weee">
            <span class="price-label">Normalpreis</span>
        <span id="old-price-18729-final_price" data-price-amount="99.8" data-price-type="oldPrice" class="price-wrapper ">
        <span class="price">CHF&nbsp;99.80</span>    </span>
        </span>
    </span>
<meta itemprop="url" content="https://www.moevenpick-wein.com/de/">
</div>                                </div>


                                                                    <span class="bottle-size" id="bottlesize-cont-18729">
                                                                                                                4.5 l                                                    </span>

                                                                    <span class="base-price">
                                                        (CHF&nbsp;17.56 / l)
                                                    </span>
                                                                <br>
                                                                    <span class="availability in-stock">
                                            <strong>Lieferbar</strong>
                                            <span>in 2-3 Arbeitstagen.</span>
                                        </span>

                                <span class="tax-note">
                                <div class="label-including-taxes">

                                    Preis inkl. Mwst.,                                    <a href="https://www.moevenpick-wein.com/de/versand" onclick="window.open(this.href);return false;">
                                    zzgl. Versand                                    </a>
                                </div>
                            </span>
                            </div>

                            <div class="add-to-box">
                                                                                                        <form data-role="productwidget-tocart-form" action="https://www.moevenpick-wein.com/de/checkout/cart/add/uenc/aHR0cHM6Ly93d3cubW9ldmVucGljay13ZWluLmNvbS9kZS8%2C/product/18729/" method="post">
                                        <input type="hidden" name="product" value="18729">
                                        <input type="hidden" name="uenc" value="aHR0cHM6Ly93d3cubW9ldmVucGljay13ZWluLmNvbS9kZS9jaGVja291dC9jYXJ0L2FkZC91ZW5jL2FIUjBjSE02THk5M2QzY3ViVzlsZG1WdWNHbGpheTEzWldsdUxtTnZiUzlrWlM4JTJDL3Byb2R1Y3QvMTg3Mjkv">
                                        <input name="form_key" type="hidden" value="RjTXfPsQpjzDo3iy">                                                                                <div class="buttonline">

                                            <span class="ui-spinner ui-widget ui-widget-content ui-corner-all"><input class="input-text qty ui-spinner-input" type="number" name="qty" min="1" value="1" aria-valuemin="1" aria-valuenow="1" autocomplete="off" role="spinbutton"><a class="ui-spinner-button ui-spinner-up ui-corner-tr ui-button ui-widget ui-state-default ui-button-text-only" tabindex="-1" role="button" aria-disabled="false"><span class="ui-button-text">▲</span></a><a class="ui-spinner-button ui-spinner-down ui-corner-br ui-button ui-widget ui-state-default ui-button-text-only" tabindex="-1" role="button" aria-disabled="false"><span class="ui-button-text">▼</span></a></span>

                                            <button type="submit" title="In den Warenkorb" class="button btn-cart primary action tocart">
                                                <svg class="logo-moev"><use xlink:href="#icon-cart"></use></svg>
                                                <span>In den Warenkorb</span>
                                            </button>
                                                                                                                                                <a href="https://www.moevenpick-wein.com/de/#" class="action towishlist btn btn-wishlist primary-invert" title="Zur Merkliste hinzufügen" aria-label="Zur Merkliste hinzufügen" data-post="{&quot;action&quot;:&quot;https:\/\/www.moevenpick-wein.com\/de\/guestwishlist\/index\/add\/&quot;,&quot;data&quot;:{&quot;product&quot;:&quot;18729&quot;,&quot;uenc&quot;:&quot;aHR0cHM6Ly93d3cubW9ldmVucGljay13ZWluLmNvbS9kZS8,&quot;}}" data-action="add-to-wishlist" role="button">
        <svg class="logo-moev"><use xlink:href="#icon-heart"></use></svg>
        <span>Zur Merkliste hinzufügen</span>
    </a>
                                                                                    </div>
                                    </form>
                                                            </div>
                        </div>
                    </div>
                </div>
                <div class="additional-product-info description-box">

                                            <h3 class="product-selling-point">Unsere Tasting Box Europe - Silver Edition</h3>
                                        <div>
                                                    <p class="webtext">
                                Unsere Experten waren in ganz Europa unterwegs und haben spannende Degustationspakete für Sie zusammengestellt. Dieses Paket enthält sechs Flaschen mit ausgesuchten Empfehlungen. Entdecken Sie neue Weine und profitieren Sie von attraktiven Preisvorteilen! Die Tasting Box Europe Silver Edition beinhaltet je zwei Flaschen à 75cl des: - 2017 Calidio, Campi Valerio, Italien/Molise - 2018 Sexy Tinto, Sexy Wines, Portugal/Alentejo - 2019 St. Laurent, Erich Scheiblhofer, Österreich/Burgenland                            </p>
                                            </div>
                                            <div class="additional-attributes-wrapper table-wrapper">
                            <table class="data table additional-attributes product-attribute-specs-table">
                                <tbody>
                                                                    <tr>
                                        <th class="col label" scope="row">Artikelnummer</th>
                                        <td class="col data" data-th="Artikelnummer">D0117--00000000</td>
                                    </tr>
                                                                    <tr>
                                        <th class="col label" scope="row">Allergene</th>
                                        <td class="col data" data-th="Allergene">Enthält Sulfite</td>
                                    </tr>
                                                                <tr>
                                    <th class="col label" scope="row"></th>
                                    <td class="col data"><a href="https://www.moevenpick-wein.com/de/tasting-box-silver-4500-00.html">zur Produktdetailseite &gt;</a></td>
                                </tr>
                                </tbody>
                            </table>
                        </div>
                                    </div>
                <div class="product-link-mobile">
                    <a href="https://www.moevenpick-wein.com/de/tasting-box-silver-4500-00.html">zur Produktdetailseite &gt;</a>
                </div>
            </div>
        </div>
    </section>
            <section class="content-section">
        <div class="content-section__inner">
            <div class="wine-of-the-year-item default-view">
                <div class="product-info-wrapper">
                    <div class="product-box-image">
                        <img src="./index_files/d0118_ch.png" alt="Tasting Box Gold 4500.00">
                    </div>
                    <div class="product-box-details">
                        <div class="blocker"></div>
                        <div class="product-name">
                                                            <span class="cellar-name">Diverse Länder</span>
                                                        <span class="name product-name-part"> Tasting Box Gold</span>
                            <span class="vendor product-name-part"></span>
                            <span class="vendor product-name-part"></span>
                        </div>

                        <div class="box-wrapper">
                            <div class="price-box">
                                <div id="price-cont-18730" class="price-wrapper priceline">
                                    <div class="price-box price-final_price" data-role="priceBox" data-product-id="18730">
    <span class="special-price">

<span class="price-container price-final_price tax weee">
            <span class="price-label">Sonderangebot</span>
        <span id="old-price-18730-final_price" data-price-amount="119" data-price-type="finalPrice" class="price-wrapper ">
        <span class="price">CHF&nbsp;119.00</span>    </span>
        </span>
    </span>
                <meta itemprop="priceValidUntil" content="2020-04-05T00:00:00+0000">
        <span class="old-price">

<span class="price-container price-final_price tax weee">
            <span class="price-label">Normalpreis</span>
        <span id="old-price-18730-final_price" data-price-amount="163" data-price-type="oldPrice" class="price-wrapper ">
        <span class="price">CHF&nbsp;163.00</span>    </span>
        </span>
    </span>
<meta itemprop="url" content="https://www.moevenpick-wein.com/de/">
</div>                                </div>


                                                                    <span class="bottle-size" id="bottlesize-cont-18730">
                                                                                                                4.5 l                                                    </span>

                                                                    <span class="base-price">
                                                        (CHF&nbsp;26.44 / l)
                                                    </span>
                                                                <br>

                                <span class="tax-note">
                                <div class="label-including-taxes">

                                    Preis inkl. Mwst.,                                    <a href="https://www.moevenpick-wein.com/de/versand" onclick="window.open(this.href);return false;">
                                    zzgl. Versand                                    </a>
                                </div>
                            </span>
                            </div>

                            <div class="add-to-box">
                                                                    <div class="buttonline">
                                        <a class="to-product-link btn primary" href="https://www.moevenpick-wein.com/de/tasting-box-gold-4500-00.html" title="Tasting Box Gold 4500.00">
                                            <span>Online ausverkauft</span>
                                        </a>
                                    </div>
                                                            </div>
                        </div>
                    </div>
                </div>
                <div class="additional-product-info description-box">

                                            <h3 class="product-selling-point">Unsere Tasting Box Europe - Gold Edition</h3>
                                        <div>
                                                    <p class="webtext">
                                Unsere Experten waren in ganz Europa unterwegs und haben spannende Degustationspakete für Sie zusammengestellt. Dieses Paket enthält sechs Flaschen mit ausgesuchten Empfehlungen. Entdecken Sie neue Weine und profitieren Sie von attraktiven Preisvorteilen! Die Tasting Box Europe Gold Edition beinhaltet je zwei Flaschen à 75cl des: - 2015 Señorío de Cuzcurrita, Spanien/Rioja - 2016 I Pini, Renzo Masi, Italien/Toskana - 2014 Château Barthez, Frankreich/Bordeaux                            </p>
                                            </div>
                                            <div class="additional-attributes-wrapper table-wrapper">
                            <table class="data table additional-attributes product-attribute-specs-table">
                                <tbody>
                                                                    <tr>
                                        <th class="col label" scope="row">Artikelnummer</th>
                                        <td class="col data" data-th="Artikelnummer">D0118--00000000</td>
                                    </tr>
                                                                    <tr>
                                        <th class="col label" scope="row">Allergene</th>
                                        <td class="col data" data-th="Allergene">Enthält Sulfite</td>
                                    </tr>
                                                                <tr>
                                    <th class="col label" scope="row"></th>
                                    <td class="col data"><a href="https://www.moevenpick-wein.com/de/tasting-box-gold-4500-00.html">zur Produktdetailseite &gt;</a></td>
                                </tr>
                                </tbody>
                            </table>
                        </div>
                                    </div>
                <div class="product-link-mobile">
                    <a href="https://www.moevenpick-wein.com/de/tasting-box-gold-4500-00.html">zur Produktdetailseite &gt;</a>
                </div>
            </div>
        </div>
    </section>
    </div>
<p></p>
<!-- Category Teasers START -->
<section class="content-section">
<div class="content-section__inner">
<div class="category-teaser-container">
<div class="category-teaser">
<div class="category-teaser-name" style="cursor: pointer;">Raritäten</div>
<img src="./index_files/Raritaeten_Retina.jpg" alt="Raritäten">
<div class="content">
<div class="inner-c">
<div class="inner-tc" style="cursor: pointer;">
<p class="category-teaser-description">Entdecken Sie die exklusiven<br> Raritäten von Mövenpick&nbsp;</p>
<a class="btn" href="https://www.moevenpick-wein.com/de/raritaeten.html">Zu den Raritäten</a></div>
</div>
</div>
</div>
<div class="category-teaser">
<div class="category-teaser-name" style="cursor: pointer;">Rabattierte Weine</div>
<img src="./index_files/Rabattierte_Weine_v2_Retina.jpg" alt="Rabattierte Weine">
<div class="content">
<div class="inner-c">
<div class="inner-tc" style="cursor: pointer;">
<p class="category-teaser-description">Entdecken Sie hier unseren aktuellen Angebote, unsere 'letzten Flaschen' und andere Schnäppchen</p>
<a class="btn" href="https://www.moevenpick-wein.com/de/rabattierte-weine.html?mpw_has_special_price=1">Zu den rabattierten Weinen</a></div>
</div>
</div>
</div>
<div class="category-teaser">
<div class="category-teaser-name" style="cursor: pointer;">Neu bei Mövenpick</div>
<img src="./index_files/Neu_bei_Moevenpick_646x402.jpg" alt="Neuzugänge">
<div class="content">
<div class="inner-c">
<div class="inner-tc" style="cursor: pointer;">
<p class="category-teaser-description">Stöbern Sie durch&nbsp;<br>unsere Neuzugänge.&nbsp;</p>
<a class="btn" href="https://www.moevenpick-wein.com/de/neu.html">Neu bei Mövenpick</a></div>
</div>
</div>
</div>
</div>
</div>
</section>
<!-- Category Teasers END -->



<section class="content-section content-section--beige"><div class="content-section__inner">
<div class="accordion">
	<div class="accordion-item">
        <div class="accordion-headline" data-toggle="ds-accordion-all-viewports">
			<svg class="icon-shipping"><use xlink:href="#icon-shipping"></use></svg>
			Gratislieferung ab CHF 300.-
			<div class="open-icon">
				<svg class="icon-arrow_drop_down"><use xlink:href="#icon-arrow_drop_down"></use></svg>
			</div>
		</div>
		<div class="accordion-content">
			<div class="accordion-subheadline">Versandinformationen</div>
			<div class="accordion-display">

				<div class="accordion-display-item">
					<div class="accordion-display-first">
						<svg class="icon icon-checkmark"><use xlink:href="#icon-checkmark"></use></svg>
						<strong>CHF 14.- (Standardlieferung):</strong> bis zu einem Bestellwert von CHF 300.00.
					</div>
				</div>
				<div class="accordion-display-item">
					<div class="accordion-display-second">
						<svg class="icon icon-checkmark"><use xlink:href="#icon-checkmark"></use></svg>
						<strong>Gratis Standardlieferung:</strong> Ab einem Bestellwert von CHF 300.- liefern wir Ihnen Ihre Bestellung gratis.
					</div>
					<div class="accordion-display-second">
						<svg><use xlink:href="#icon-checkmark"></use></svg>
						 <strong>CHF 25.- (Expresslieferung):</strong> <br>Expresslieferungen werden werktags in die meisten Regionen innerhalb von rund 48 Stunden zugestellt.
					</div>
                                        <div class="accordion-display-second">
						<svg><use xlink:href="#icon-checkmark"></use></svg>
						<strong>CHF 39.- (Abendzustellung): </strong><br>Die Zustellung erfolgt innerhalb von 2 - 3 Arbeitstagen zwischen 17.00 Uhr und 20.00 Uhr.
					</div>
				</div>
			</div>
		</div>
	</div>
	<div class="accordion-item">
        <div class="accordion-headline" data-toggle="ds-accordion-all-viewports">
			<svg class="icon-shipping"><use xlink:href="#icon-safty-purchase"></use></svg>
			Sicherer Kauf auf Rechnung
			<div class="open-icon">
				<svg class="icon-arrow_drop_down"><use xlink:href="#icon-arrow_drop_down"></use></svg>
			</div>
		</div>
		<div class="accordion-content">
			<div class="accordion-subheadline">Zahlungsmöglichkeiten</div>
			<div class="accordion-display">

				<div class="accordion-display-item">
					<div class="accordion-display-first">
						<svg class="icon icon-checkmark"><use xlink:href="#icon-checkmark"></use></svg>
						Bequeme und einfache Zahlung per Rechnung, nur bei Bestellungen innerhalb der Schweiz und Liechtenstein.
					</div>
					<div class="accordion-display-first">
						<svg><use xlink:href="#icon-checkmark"></use></svg>
						Bei jeder Bestellung werden die Zahlungsmodalitäten&nbsp;von uns neu geprüft. Bitte haben Sie Verständnis dafür, dass Ihnen nicht immer alleZahlungsarten&nbsp;zur Verfügung stehen. Die Rechnung und Lieferung erhalten Sie separat.
					</div>
				</div>
				<div class="accordion-display-item">
					<div class="accordion-display-second">
						<svg class="icon icon-checkmark"><use xlink:href="#icon-checkmark"></use></svg>
						 <strong>Erstbestellungen&nbsp;mit dem Kundenkonto </strong>sowie Bestellungen ohne Registrierung mit unterschiedlichen Rechnungs- und Lieferadressen können nicht auf Rechnung getätigt werden.
					</div>
				</div>
</div>
<div class="payment-icons">
            <span class="text">Rechnung</span>
            <span class="text">Vorrauskasse</span>
            <span class="text">Bezahlung im Weinkeller</span>
            <span class="icon postfinance"><span class="sr-only">PostFinance</span></span>
            <span class="icon bonuscard"><span class="sr-only">Bonus Card</span></span>
            <span class="icon visa"><span class="sr-only">Visa</span></span>
            <span class="icon amex"><span class="sr-only">American Express</span></span>
            <span class="icon mastercard"><span class="sr-only">MasterCard</span></span>
            <span class="icon diners-club"><span class="sr-only">DinersClub</span></span>
            <span class="icon paypal"><span class="sr-only">PayPal</span></span>
            <span class="icon twint"><span class="sr-only">Twint</span></span>
        </div>

		</div>
	</div>
	<div class="accordion-item">
        <div class="accordion-headline" data-toggle="ds-accordion-all-viewports">
			<svg class="icon-shipping"><use xlink:href="#icon-delivery"></use></svg>
			Schnelle Lieferung
			<div class="open-icon">
				<svg class="icon-arrow_drop_down"><use xlink:href="#icon-arrow_drop_down"></use></svg>
			</div>
		</div>
		<div class="accordion-content">
			<div class="accordion-subheadline">Lieferung: Schweiz und Liechtenstein</div>
			<div class="accordion-display">

				<div class="accordion-display-item">
					<div class="accordion-display-first">
						<svg class="icon icon-checkmark"><use xlink:href="#icon-checkmark"></use></svg>
						Wir liefern Ihnen den Wein in der ganzen Schweiz und ins Fürstentum Lichtenstein. Mit unseren Logistikpartnern Post und Planzer bürgen wir für eine speditive, unkomplizierte und für Sie sehr bequeme Lieferung der bestellten Weine.
					</div>
				</div>
			</div>
		</div>
	</div>
</div>
</div>
</section>

<!-- Category Teasers START -->
<section class="content-section">
<div class="content-section__inner">
<div class="category-teaser-container">
<div class="category-teaser">
<div class="category-teaser-name" style="cursor: pointer;">Standorte</div>
<img src="./index_files/Standorte_Events_NL_Retina.jpg" alt="Standorte">
<div class="content">
<div class="inner-c">
<div class="inner-tc" style="cursor: pointer;">
<p class="category-teaser-description">Freuen Sie sich auf kompetente Beratung<br> und kostenlose Degustation </p>
<a class="btn" href="https://www.moevenpick-wein.com/de/standorte">Zu den Standorten</a></div>
</div>
</div>
</div>
<div class="category-teaser">
<div class="category-teaser-name" style="cursor: pointer;">Unsere Events</div>
<img src="./index_files/Events_Home_Teaser_Klein.jpg" alt="Events">
<div class="content">
<div class="inner-c">
<div class="inner-tc" style="cursor: pointer;">
<p class="category-teaser-description">Erfahren Sie alles über<br> bevorstehende Degustationen<br>und Events in Ihrer Nähe</p>
<a class="btn" href="https://www.moevenpick-wein.com/de/objects/event/listing/">Zu den nächsten Events</a></div>
</div>
</div>
</div>
<div class="category-teaser">
<div class="category-teaser-name" style="cursor: pointer;">Newsletter</div>
<img src="./index_files/NL_Startseite_1_.jpg" alt="Newsletter">
<div class="content">
<div class="inner-c">
<div class="inner-tc" style="cursor: pointer;">
<p class="category-teaser-description">Werden Sie regelmässig über<br> exklusive Angebote, Neuheiten<br>und Events informiert</p>
<a class="btn" href="https://www.moevenpick-wein.com/de/optivo/newsletter/index/">Zum Newsletter</a></div>
</div>
</div>
</div>
</div>
</div>
</section>
<!-- Category Teasers END -->
<section class="content-section">
<div class="content-section__inner">
<div class="magazin">
	<div class="magazin-inner">
		<div class="headline">Mövenpick Wein Magazin</div>
		<div class="subheadline">Verpassen Sie keine Wein-Highlights</div>
		<div class="content">Weinwissen<br>Inside Mövenpick<br>uvm.<br>
                          <a class="btn" href="https://www.moevenpick-wein.com/de/magazin">Zum Magazin</a>
                </div>
	</div>
</div>
</div>
</section>
<section class="content-section content-section--beige">
<section class="content-section content-section--beige">
    <div class="content-section__inner">
        <div class="subsdiary-headline">Gerne beraten wir Sie auch telefonisch. Wir freuen uns auf Ihren Anruf.</div>
        <div class="subsidiary-slider-container-wrapper">
            <div class="subsidiary-slider-container">
                <ul class="subsidiary-slider  slick-initialized slick-slider"><button type="button" data-role="none" class="slick-prev slick-arrow" aria-label="Previous" role="button" style="display: block;">Previous</button>
                                                                                                <div aria-live="polite" class="slick-list draggable"><div class="slick-track" style="opacity: 1; width: 10914px; transform: translate3d(-1926px, 0px, 0px);" role="listbox"><li class="subsdiary-slider-item slick-slide slick-cloned" data-slick-index="-6" aria-hidden="true" style="width: 281px;" tabindex="-1">
                                <a href="https://www.moevenpick-wein.com/de/movenpick-weinkeller-pfaffikon" tabindex="-1">
                                    <img class="img-responsive" src="./index_files/Andy_Panhans_1.jpg" alt="Andy Panhans" title="Andy Panhans">
                                    <div class="subsidiary-name">Mövenpick Weinkeller Pfäffikon</div>
                                </a>
                            </li><li class="subsdiary-slider-item slick-slide slick-cloned" data-slick-index="-5" aria-hidden="true" style="width: 281px;" tabindex="-1">
                                <a href="https://www.moevenpick-wein.com/de/movenpick-weinkeller-reinach" tabindex="-1">
                                    <img class="img-responsive" src="./index_files/Sandra_dErrico_1.jpg" alt="Sandra D’Errico" title="Sandra D’Errico">
                                    <div class="subsidiary-name">Mövenpick Weinkeller Reinach</div>
                                </a>
                            </li><li class="subsdiary-slider-item slick-slide slick-cloned" data-slick-index="-4" aria-hidden="true" style="width: 281px;" tabindex="-1">
                                <a href="https://www.moevenpick-wein.com/de/movenpick-weinkeller-volketswil" tabindex="-1">
                                    <img class="img-responsive" src="./index_files/Przemek_Kroll_1.jpg" alt="Przemyslaw Kroll" title="Przemyslaw Kroll">
                                    <div class="subsidiary-name">Mövenpick Weinkeller Volketswil</div>
                                </a>
                            </li><li class="subsdiary-slider-item slick-slide slick-cloned" data-slick-index="-3" aria-hidden="true" style="width: 281px;" tabindex="-1">
                                <a href="https://www.moevenpick-wein.com/de/movenpick-weinkeller-wettingen" tabindex="-1">
                                    <img class="img-responsive" src="./index_files/Tobias_Tilgner_1.jpg" alt="Tobias Tilgner" title="Tobias Tilgner">
                                    <div class="subsidiary-name">Mövenpick Weinkeller Wettingen</div>
                                </a>
                            </li><li class="subsdiary-slider-item slick-slide slick-cloned" data-slick-index="-2" aria-hidden="true" style="width: 281px;" tabindex="-1">
                                <a href="https://www.moevenpick-wein.com/de/movenpick-weinkeller-winterthur" tabindex="-1">
                                    <img class="img-responsive" src="./index_files/Peggy_Kuenzli_22_c_x.jpg" alt="Peggy Künzli" title="Peggy Künzli">
                                    <div class="subsidiary-name">Mövenpick Weinkeller Winterthur</div>
                                </a>
                            </li><li class="subsdiary-slider-item slick-slide slick-cloned" data-slick-index="-1" aria-hidden="true" style="width: 281px;" tabindex="-1">
                                <a href="https://www.moevenpick-wein.com/de/movenpick-weinkeller-zug" tabindex="-1">
                                    <img class="img-responsive" src="./index_files/Urs_Schwerzmann_neu_2020.jpg" alt="Urs Schwerzmann" title="Urs Schwerzmann">
                                    <div class="subsidiary-name">Mövenpick Weinkeller Zug</div>
                                </a>
                            </li><li class="subsdiary-slider-item slick-slide slick-active" data-slick-index="0" aria-hidden="false" style="width: 281px;" tabindex="-1" role="option" aria-describedby="slick-slide10">
                                <a href="https://www.moevenpick-wein.com/de/movenpick-weinkeller-zurich-enge" tabindex="0">
                                    <img class="img-responsive" src="./index_files/Mira_Mastroianni_1.jpg" alt="Mira Mastroianni" title="Mira Mastroianni">
                                    <div class="subsidiary-name">Mövenpick Weinkeller Zürich-Enge</div>
                                </a>
                            </li><li class="subsdiary-slider-item slick-slide slick-active" data-slick-index="1" aria-hidden="false" style="width: 281px;" tabindex="-1" role="option" aria-describedby="slick-slide11">
                                <a href="https://www.moevenpick-wein.com/de/movenpick-weinkeller-rotkreuz" tabindex="0">
                                    <img class="img-responsive" src="./index_files/Alexander_Lorenz_3.jpg" alt="Alexander Lorenz" title="Alexander Lorenz">
                                    <div class="subsidiary-name">Mövenpick Weinkeller Rotkreuz</div>
                                </a>
                            </li><li class="subsdiary-slider-item slick-slide slick-active" data-slick-index="2" aria-hidden="false" style="width: 281px;" tabindex="-1" role="option" aria-describedby="slick-slide12">
                                <a href="https://www.moevenpick-wein.com/de/movenpick-weinkeller-basel" tabindex="0">
                                    <img class="img-responsive" src="./index_files/Oliver_Sahner_3.jpg" alt="Oliver Sahner" title="Oliver Sahner">
                                    <div class="subsidiary-name">Mövenpick Weinkeller Basel</div>
                                </a>
                            </li><li class="subsdiary-slider-item slick-slide slick-active" data-slick-index="3" aria-hidden="false" style="width: 281px;" tabindex="-1" role="option" aria-describedby="slick-slide13">
                                <a href="https://www.moevenpick-wein.com/de/movenpick-weinkeller-bern" tabindex="0">
                                    <img class="img-responsive" src="./index_files/Sandra_Maurer_1.jpg" alt="Sandra Maurer" title="Sandra Maurer">
                                    <div class="subsidiary-name">Mövenpick Weinkeller Bern</div>
                                </a>
                            </li><li class="subsdiary-slider-item slick-slide slick-active" data-slick-index="4" aria-hidden="false" style="width: 281px;" tabindex="-1" role="option" aria-describedby="slick-slide14">
                                <a href="https://www.moevenpick-wein.com/de/movenpick-weinkeller-zollikon" tabindex="0">
                                    <img class="img-responsive" src="./index_files/Robert_van_Strien_10_c_x.jpg" alt="Robert van Strien" title="Robert van Strien">
                                    <div class="subsidiary-name">Mövenpick Weinkeller Zollikon</div>
                                </a>
                            </li><li class="subsdiary-slider-item slick-slide slick-active" data-slick-index="5" aria-hidden="false" style="width: 281px;" tabindex="-1" role="option" aria-describedby="slick-slide15">
                                <a href="https://www.moevenpick-wein.com/de/movenpick-weinkeller-genf" tabindex="0">
                                    <img class="img-responsive" src="./index_files/Onneca_Guelbenzu.jpg" alt="Onneca Guelbenzu" title="Onneca Guelbenzu">
                                    <div class="subsidiary-name">Mövenpick Weinkeller Genf</div>
                                </a>
                            </li><li class="subsdiary-slider-item slick-slide" data-slick-index="6" aria-hidden="true" style="width: 281px;" tabindex="-1" role="option" aria-describedby="slick-slide16">
                                <a href="https://www.moevenpick-wein.com/de/movenpick-weinkeller-st-gallen" tabindex="-1">
                                    <img class="img-responsive" src="./index_files/Peter_Klein.jpg" alt="Peter Klein" title="Peter Klein">
                                    <div class="subsidiary-name">Mövenpick Weinkeller St. Gallen</div>
                                </a>
                            </li><li class="subsdiary-slider-item slick-slide" data-slick-index="7" aria-hidden="true" style="width: 281px;" tabindex="-1" role="option" aria-describedby="slick-slide17">
                                <a href="https://www.moevenpick-wein.com/de/movenpick-weinkeller-biel" tabindex="-1">
                                    <img class="img-responsive" src="./index_files/Massimiliano_Badaracchi_1.jpg" alt="Massimiliano Badaracchi" title="Massimiliano Badaracchi">
                                    <div class="subsidiary-name">Mövenpick Weinkeller Biel</div>
                                </a>
                            </li><li class="subsdiary-slider-item slick-slide" data-slick-index="8" aria-hidden="true" style="width: 281px;" tabindex="-1" role="option" aria-describedby="slick-slide18">
                                <a href="https://www.moevenpick-wein.com/de/movenpick-weinkeller-bursins" tabindex="-1">
                                    <img class="img-responsive" src="./index_files/Jean_Philippe_Guilme_1.jpg" alt="Jean-Philippe Guilmé" title="Jean-Philippe Guilmé">
                                    <div class="subsidiary-name">Mövenpick Weinkeller Bursins</div>
                                </a>
                            </li><li class="subsdiary-slider-item slick-slide" data-slick-index="9" aria-hidden="true" style="width: 281px;" tabindex="-1" role="option" aria-describedby="slick-slide19">
                                <a href="https://www.moevenpick-wein.com/de/movenpick-weinkeller-crissier" tabindex="-1">
                                    <img class="img-responsive" src="./index_files/David_Berthet_1.jpg" alt="David Berthet" title="David Berthet">
                                    <div class="subsidiary-name">Mövenpick Weinkeller Crissier</div>
                                </a>
                            </li><li class="subsdiary-slider-item slick-slide" data-slick-index="10" aria-hidden="true" style="width: 281px;" tabindex="-1" role="option" aria-describedby="slick-slide110">
                                <a href="https://www.moevenpick-wein.com/de/moevenpick-weinkeller-emmen" tabindex="-1">
                                    <img class="img-responsive" src="./index_files/Victor_Cordes.jpg" alt="Victor Cordes" title="Victor Cordes">
                                    <div class="subsidiary-name">Mövenpick Weinkeller Emmen</div>
                                </a>
                            </li><li class="subsdiary-slider-item slick-slide" data-slick-index="11" aria-hidden="true" style="width: 281px;" tabindex="-1" role="option" aria-describedby="slick-slide111">
                                <a href="https://www.moevenpick-wein.com/de/moevenpick-weinkeller-genf-centre" tabindex="-1">
                                    <img class="img-responsive" src="./index_files/Romain_Esnault_1.jpg" alt="Romain Esnault" title="Romain Esnault">
                                    <div class="subsidiary-name">Mövenpick Weinkeller Genf-Centre</div>
                                </a>
                            </li><li class="subsdiary-slider-item slick-slide" data-slick-index="12" aria-hidden="true" style="width: 281px;" tabindex="-1" role="option" aria-describedby="slick-slide112">
                                <a href="https://www.moevenpick-wein.com/de/moevenpick-weinkeller-heimberg" tabindex="-1">
                                    <img class="img-responsive" src="./index_files/Markus_Fuhrer.jpg" alt="Markus Fuhrer" title="Markus Fuhrer">
                                    <div class="subsidiary-name">Mövenpick Weinkeller Heimberg</div>
                                </a>
                            </li><li class="subsdiary-slider-item slick-slide" data-slick-index="13" aria-hidden="true" style="width: 281px;" tabindex="-1" role="option" aria-describedby="slick-slide113">
                                <a href="https://www.moevenpick-wein.com/de/movenpick-weinkeller-kloten" tabindex="-1">
                                    <img class="img-responsive" src="./index_files/Igor_Hofer.jpg" alt="Igor Hofer" title="Igor Hofer">
                                    <div class="subsidiary-name">Mövenpick Weinkeller Kloten</div>
                                </a>
                            </li><li class="subsdiary-slider-item slick-slide" data-slick-index="14" aria-hidden="true" style="width: 281px;" tabindex="-1" role="option" aria-describedby="slick-slide114">
                                <a href="https://www.moevenpick-wein.com/de/movenpick-weinkeller-liechtenstein" tabindex="-1">
                                    <img class="img-responsive" src="./index_files/Alexandria_Karnberger_1.jpg" alt="Alexandria Anna Karnberger" title="Alexandria Anna Karnberger">
                                    <div class="subsidiary-name">Mövenpick Weinkeller Liechtenstein</div>
                                </a>
                            </li><li class="subsdiary-slider-item slick-slide" data-slick-index="15" aria-hidden="true" style="width: 281px;" tabindex="-1" role="option" aria-describedby="slick-slide115">
                                <a href="https://www.moevenpick-wein.com/de/movenpick-weinkeller-oftringen" tabindex="-1">
                                    <img class="img-responsive" src="./index_files/Wayne_Scheede_3.jpg" alt="Wayne Scheede" title="Wayne Scheede">
                                    <div class="subsidiary-name">Mövenpick Weinkeller Oftringen</div>
                                </a>
                            </li><li class="subsdiary-slider-item slick-slide" data-slick-index="16" aria-hidden="true" style="width: 281px;" tabindex="-1" role="option" aria-describedby="slick-slide116">
                                <a href="https://www.moevenpick-wein.com/de/movenpick-weinkeller-pfaffikon" tabindex="-1">
                                    <img class="img-responsive" src="./index_files/Andy_Panhans_1.jpg" alt="Andy Panhans" title="Andy Panhans">
                                    <div class="subsidiary-name">Mövenpick Weinkeller Pfäffikon</div>
                                </a>
                            </li><li class="subsdiary-slider-item slick-slide" data-slick-index="17" aria-hidden="true" style="width: 281px;" tabindex="-1" role="option" aria-describedby="slick-slide117">
                                <a href="https://www.moevenpick-wein.com/de/movenpick-weinkeller-reinach" tabindex="-1">
                                    <img class="img-responsive" src="./index_files/Sandra_dErrico_1.jpg" alt="Sandra D’Errico" title="Sandra D’Errico">
                                    <div class="subsidiary-name">Mövenpick Weinkeller Reinach</div>
                                </a>
                            </li><li class="subsdiary-slider-item slick-slide" data-slick-index="18" aria-hidden="true" style="width: 281px;" tabindex="-1" role="option" aria-describedby="slick-slide118">
                                <a href="https://www.moevenpick-wein.com/de/movenpick-weinkeller-volketswil" tabindex="-1">
                                    <img class="img-responsive" src="./index_files/Przemek_Kroll_1.jpg" alt="Przemyslaw Kroll" title="Przemyslaw Kroll">
                                    <div class="subsidiary-name">Mövenpick Weinkeller Volketswil</div>
                                </a>
                            </li><li class="subsdiary-slider-item slick-slide" data-slick-index="19" aria-hidden="true" style="width: 281px;" tabindex="-1" role="option" aria-describedby="slick-slide119">
                                <a href="https://www.moevenpick-wein.com/de/movenpick-weinkeller-wettingen" tabindex="-1">
                                    <img class="img-responsive" src="./index_files/Tobias_Tilgner_1.jpg" alt="Tobias Tilgner" title="Tobias Tilgner">
                                    <div class="subsidiary-name">Mövenpick Weinkeller Wettingen</div>
                                </a>
                            </li><li class="subsdiary-slider-item slick-slide" data-slick-index="20" aria-hidden="true" style="width: 281px;" tabindex="-1" role="option" aria-describedby="slick-slide120">
                                <a href="https://www.moevenpick-wein.com/de/movenpick-weinkeller-winterthur" tabindex="-1">
                                    <img class="img-responsive" src="./index_files/Peggy_Kuenzli_22_c_x.jpg" alt="Peggy Künzli" title="Peggy Künzli">
                                    <div class="subsidiary-name">Mövenpick Weinkeller Winterthur</div>
                                </a>
                            </li><li class="subsdiary-slider-item slick-slide" data-slick-index="21" aria-hidden="true" style="width: 281px;" tabindex="-1" role="option" aria-describedby="slick-slide121">
                                <a href="https://www.moevenpick-wein.com/de/movenpick-weinkeller-zug" tabindex="-1">
                                    <img class="img-responsive" src="./index_files/Urs_Schwerzmann_neu_2020.jpg" alt="Urs Schwerzmann" title="Urs Schwerzmann">
                                    <div class="subsidiary-name">Mövenpick Weinkeller Zug</div>
                                </a>
                            </li><li class="subsdiary-slider-item slick-slide slick-cloned" data-slick-index="22" aria-hidden="true" style="width: 281px;" tabindex="-1">
                                <a href="https://www.moevenpick-wein.com/de/movenpick-weinkeller-zurich-enge" tabindex="-1">
                                    <img class="img-responsive" src="./index_files/Mira_Mastroianni_1.jpg" alt="Mira Mastroianni" title="Mira Mastroianni">
                                    <div class="subsidiary-name">Mövenpick Weinkeller Zürich-Enge</div>
                                </a>
                            </li><li class="subsdiary-slider-item slick-slide slick-cloned" data-slick-index="23" aria-hidden="true" style="width: 281px;" tabindex="-1">
                                <a href="https://www.moevenpick-wein.com/de/movenpick-weinkeller-rotkreuz" tabindex="-1">
                                    <img class="img-responsive" src="./index_files/Alexander_Lorenz_3.jpg" alt="Alexander Lorenz" title="Alexander Lorenz">
                                    <div class="subsidiary-name">Mövenpick Weinkeller Rotkreuz</div>
                                </a>
                            </li><li class="subsdiary-slider-item slick-slide slick-cloned" data-slick-index="24" aria-hidden="true" style="width: 281px;" tabindex="-1">
                                <a href="https://www.moevenpick-wein.com/de/movenpick-weinkeller-basel" tabindex="-1">
                                    <img class="img-responsive" src="./index_files/Oliver_Sahner_3.jpg" alt="Oliver Sahner" title="Oliver Sahner">
                                    <div class="subsidiary-name">Mövenpick Weinkeller Basel</div>
                                </a>
                            </li><li class="subsdiary-slider-item slick-slide slick-cloned" data-slick-index="25" aria-hidden="true" style="width: 281px;" tabindex="-1">
                                <a href="https://www.moevenpick-wein.com/de/movenpick-weinkeller-bern" tabindex="-1">
                                    <img class="img-responsive" src="./index_files/Sandra_Maurer_1.jpg" alt="Sandra Maurer" title="Sandra Maurer">
                                    <div class="subsidiary-name">Mövenpick Weinkeller Bern</div>
                                </a>
                            </li><li class="subsdiary-slider-item slick-slide slick-cloned" data-slick-index="26" aria-hidden="true" style="width: 281px;" tabindex="-1">
                                <a href="https://www.moevenpick-wein.com/de/movenpick-weinkeller-zollikon" tabindex="-1">
                                    <img class="img-responsive" src="./index_files/Robert_van_Strien_10_c_x.jpg" alt="Robert van Strien" title="Robert van Strien">
                                    <div class="subsidiary-name">Mövenpick Weinkeller Zollikon</div>
                                </a>
                            </li><li class="subsdiary-slider-item slick-slide slick-cloned" data-slick-index="27" aria-hidden="true" style="width: 281px;" tabindex="-1">
                                <a href="https://www.moevenpick-wein.com/de/movenpick-weinkeller-genf" tabindex="-1">
                                    <img class="img-responsive" src="./index_files/Onneca_Guelbenzu.jpg" alt="Onneca Guelbenzu" title="Onneca Guelbenzu">
                                    <div class="subsidiary-name">Mövenpick Weinkeller Genf</div>
                                </a>
                            </li></div></div>





















                                                            <button type="button" data-role="none" class="slick-next slick-arrow" aria-label="Next" role="button" style="display: block;">Next</button></ul>
            </div>
        </div>
    </div>
</section>
</section>
<!-- SEO Text START -->
<section class="content-section">
<div class="content-section__inner">
<div class="seo-text">
<div class="col-xs-12 col-sm-10 col-sm-push-1">
<h2>Erlesene Weine online kaufen im Mövenpick Wein Shop</h2>
<div class="row">
<div class="col-xs-12 col-sm-6">
<p style="text-align: justify;">Im Jahr 1948 gründete Ueli Prager Mövenpick und nutzte die positive Aufbruchstimmung der Nachkriegsjahre in Europa um seine visionären Ideen mit viel Mut, Humor und Geschäftssinn umzusetzen. Würde Prager in der Gegenwart leben, würde sein Name in einem Zug mit Mark Zuckerberg oder Steve Jobs genannt werden. Er war primär Gastgeber und machte es für jedermann und jedefrau möglich in den ersten Mövenpick Restaurants qualitativ hochwertige Delikatessen und Getränke in ungezwungener Atmosphäre zu geniessen.</p>
</div>
<div class="column col-xs-12 col-sm-6">
<p style="text-align: justify;">Er war der Erste, der hochwertige Flaschenweine im Ausschank per Glas einführte und zudem die Möglichkeit der Degustation der Weine anbot. Der erste Mövenpick Weinkeller wurde in zentraler Lage in Zürich Enge eröffnet. In den kommenden Jahren sollten weitere Weinkeller in der&nbsp; Schweiz und später auch in Deutschland folgen. Die Kompetenz der Beratung und die einmalige Möglichkeit der regelmässigen Degustationen von Spitzenweinen sprach sich rasch umher.</p>
<p><a class="more" href="https://www.moevenpick-wein.com/de/#" data-target="#more-seo">mehr</a></p>
</div>
</div>
<div id="more-seo" class="row">
<div class="col-xs-12 col-sm-6">
<h3>Kompetenz in Wein</h3>
<p style="text-align: justify;">Nach den jüngsten&nbsp; Eröffnungen in 2019 hat die Mövenpick Schweiz AG mehr als 20 Weinkeller in der Schweiz. Mit den Standorten in Deutschland betreibt das Unternehmen in den beiden Ländern mehr als 30 Weinkeller. Hinzu kommen das 20/20 Restaurant by Mövenpick und die Mövenpick Wein-Bar in Zürich. Es ist unternehmerisches Erbe und Ziel den erfolgreichen Weg des einstigen innovativen Gründers fortzusetzen. Dieser Weg führt neben dem stationären Handel zu unserem Mövenpick Wein Online-Shop. Sie finden online mehr als 1200 Qualitätsweine aus aller Welt: Spanien, Italien, Frankreich, USA, Chile, Argentinien, Australien, Deutschland und der Schweiz.</p>
</div>
<div class="col-xs-12 col-sm-6">
<h3>People Business</h3>
<p style="text-align: justify;">Bei der Auswahl unserer Weine vertrauen wir auf die Kompetenz unserer Mövenpick Einkäufer. Jeder unserer Einkäufer&nbsp; ist auf bestimmte Weinanbauregionen spezialisiert und ist im stetigen Austausch &nbsp;mit den jeweiligen Winzern vor Ort. Das sichert Ihnen als Kunden unserer Mövenpick Weinkeller und des Online Shops ein ausgewähltes, hochwertiges Sortiment mit viel Hintergrundinformation zu den Weinen, Winzern und Anbaugebieten. Im Weinkeller in Ihrer Nähe machen wir die Welt des Weines mit Degustationen und genussvollen Events erlebbar.</p>
</div>
</div>
</div>
<script type="text/javascript" xml="space">// <![CDATA[
require([
    'jquery'
], function ($) {
    $(function () {
        var $more = $(".seo-text .more");

        if ($more.length == 1 && $.trim($more.text()) != '') {
            var moreText = 'mehr';
            var lessText = 'weniger';

            $more.on('click', function(event) {
                event.preventDefault();

                $($more.data('target')).slideToggle();

                if ($more.text().indexOf(moreText) == 0) {
                    $more.text(lessText);
                } else {
                    $more.text(moreText);
                }
            });
        }
    });
});
// ]]></script>
</div>
</div>
</section>
<!-- SEO Text END --></div></div>





</main><span data-bind="scope: &#39;personalData&#39;" style="display:none;">
    <!-- ko if: personalData().klevuSessionId -->
    <span id="klevu_sessionId" data-bind="text: personalData().klevuSessionId">e9ea60e10139e6284d56943ceed71bf1</span>
    <!-- /ko -->
	<!-- ko if: personalData().klevuLoginCustomerGroup --><!-- /ko -->
	<!-- ko if: personalData().klevuIdCode --><!-- /ko -->
	<!-- ko if: personalData().klevuShopperIP -->
    <span id="klevu_shopperIP" data-bind="text: personalData().klevuShopperIP">84.238.168.4</span>
    <!-- /ko -->
</span>

<script type="text/javascript">
// add in cms template
var klevu_current_version = '2.2.16';
var allInputs = document.getElementsByTagName( 'input' );
    (function () {
        // Remove Magento event observers from the search box
        // default magetno layout landing page
        for( i = 0, len = allInputs.length; i < len; i++ ){
            if( allInputs[i].type === "text" || allInputs[i].type === "search" ){
                if( allInputs[i].name === "q" ||  allInputs[i].id === "search" ){
                    var search_input = allInputs[i];
                }
            }
        }
    })();
                var klevu_storeLandingPageUrl = 'https://www.moevenpick-wein.com/de/catalogsearch/result/';
        var klevu_showQuickSearchOnEnter=false;

    // call store js
    var klevu_apiKey = 'klevu-157476310645311045',
        searchTextBoxName = 'search',
        klevu_lang = 'de',
        klevu_result_top_margin = '',
        klevu_result_left_margin = '';
    (function () { var ws = document.createElement('script'),kl_protocol =("https:"===document.location.protocol?"https://":"http://"); ws.type = 'text/javascript'; ws.async = true; ws.src = kl_protocol+'js.klevu.com/klevu-js-v1/js/klevu-webstore.js'; var s = document.getElementsByTagName('script')[0]; s.parentNode.insertBefore(ws, s); })();
</script>
<script type="text/javascript">
	klevu_pubIsInUse = true ;
	if(!(typeof klevu_uc_productCustomizations === "function" && typeof klevu_uc_productCustomizations.nodeType !== "number")) {
		function klevu_uc_productCustomizations( product ){
			if(klevu_pubIsInUse){
				product.productImage = product.productImage.replace( 'pub/', '');
				product.productImage = product.productImage.replace( 'needtochange/', '');
			} else {
				product.productImage = product.productImage.replace( 'needtochange/', 'pub/');
			}

			if ('undefined' !== typeof klevuMagentoCustomerGroupFlag && klevuMagentoCustomerGroupFlag == false) {
                product.productPrice = '0';
                product.startPrice = '0';
                product.toPrice = '0';
                product.salePrice = '0';
            }

			return product;
		}
	}

</script><script type="text/javascript">
    var klevu_cms_module_enabled=true;
</script>
<script type="text/javascript">
// Enable cms for klevu template
        var klevu_cmsSearchEnabled = true;

</script>
<script>
	require(['jquery'],function($)
	{
		(function($, dataLayer)
		{
			var events =
			{
				addToCart: function()
				{

				},
				removeFromCart: function()
				{

				},
				productClick: function()
				{

				},
				addToWishlist: function()
				{

				},
				addToCompare: function()
				{

				}
			};

			var b = function(events)
			{
				$.each(events, function(event, callback)
				{
					var elements = $('[data-event]').filter(function()
					{
						return $(this).data('event') == event;
					});

					elements.each(function()
					{
						$(this).off('click.ec').on('click.ec', callback);
					});
				});
			};


			b(events);


			(function(events)
			{
				$(document).ajaxComplete(function( event, request, settings )
				{
					b(events);
				});
			})(events);

		})($, dataLayer);
	});
</script>
<script>
	require(['jquery'],function($)
	{
		$(document).ready(function()
		{
		    var PromotionTrack = (function($, dataLayer)
		    {
		        return {
		            apply: function()
		            {
		                var promotions = [], position = 0;

		                $('[data-promotion]').each(function()
		                {
		                    promotions.push(
	                        {
	                            id:      	$(this).data('promotion-id'),
	                            name:    	$(this).data('promotion-name'),
	                            creative:	$(this).data('promotion-creative'),
	                            position:	++position
	                        });

		                    $(this).on(
	                        {
	                            click: function()
	                            {
		                           	var data =
			                        {
	                           			'event': 'promotionClick',
                                        'ecommerce':
                                        {
                                            'promoClick':
                                            {
                                                'promotions':
                                                [
	                                                {
		                                                'id':       $(this).data('promotion-id'),
		                                                'name':     $(this).data('promotion-name'),
		                                                'creative': $(this).data('promotion-creative'),
		                                                'position': $(this).data('promotion-position')
	                                                }
                                                ]
                                            }
                                        }
					                };

	                                AEC.Cookie.promotionClick(data).push(dataLayer);

	                                /**
	                                 * Save persistent data
	                                 */
	                                AEC.Persist.push(AEC.Persist.CONST_KEY_PROMOTION,
	    	                        {
		    	                        'promotion':data.ecommerce.promoClick.promotions[0]
		    	                    });
	                            }
	                        });
		                });

		                if (promotions.length)
		                {
			                AEC.Cookie.promotion({
		                        'event':'promoViewNonInteractive',
	                            'ecommerce':
	                            {
	                                'promoView':
	                                {
	                                    'promotions': promotions
	                                }
	                            }
	                        }).push(dataLayer);
		                }

		                return this;
		            }
		        }
		    })($, dataLayer).apply();
		});
	});
</script><script>

	if (typeof dataLayer !== "undefined")
	{







		for (a = 0, b = EC.length; a < b; a++)
		{
			EC[a].apply(this,[dataLayer]);
		}

		/* AdWords Remarketing */
		if (window.google_tag_params)
		{
			dataLayer.push(
			{
				'event':				'fireRemarketingTag',
				'google_tag_params': 	window.google_tag_params
			});
		}

		if (typeof FB !== 'undefined')
		{
			FB.Event.subscribe('edge.create',function(href)
		 	{
				dataLayer.push(
				{
					'event': 			'socialInt',
					'socialNetwork': 	'Facebook',
					'socialAction': 	'Like',
					'socialTarget': 	href
				});
			});
		}

		window.sendPlus = function(g)
		{
		    dataLayer.push(
			{
		        'event': 			'socialInt',
		        'socialNetwork': 	'Google',
		        'socialAction': 	'+1',
		        'socialTarget': 	g.href
		    });
		};

		if (typeof twttr !== 'undefined')
		{
			twttr.ready(function (twttr)
			{
				twttr.events.bind('click', function()
				{
					dataLayer.push(
					{
						'event': 			'socialInt',
						'socialNetwork': 	'Twitter',
						'socialAction': 	'tweet',
						'socialTarget': 	window.location.href
					});
				});
			});
		}
	}
	else
	{
		log('dataLayer[] is not intialized. Check if GTM is installed properly');
	}
</script></div><footer class="footer-container"><div class="footer">
<div class="footer-links-container">
    <div class="footer-links">
    <div class="ds-accordion">
<div class="col-sm-3">
<svg class="hidden-xs"> <use xlink:href="#icon-call"></use></svg>
<button class="visible-xs" type="button" data-toggle="ds-accordion"> Kontakt </button>
<div class="ds-accordion-content">
<br>+41 800 003 007<br> (Gratis Hotline: <br>Montag bis Freitag, <br>8.00 bis 18.00 Uhr)<br>
<a title="Kontaktformular" href="https://www.moevenpick-wein.com/contact">Kontaktformular</a></div>
</div>
<div class="col-sm-3">
<svg class="hidden-xs"> <use xlink:href="#icon-question"></use></svg>
<button class="visible-xs" type="button" data-toggle="ds-accordion"> Häufige Fragen </button>
<div class="ds-accordion-content"><a title="Partnerprogramm" href="https://www.moevenpick-wein.com/partnerprogramm">Partnerprogramm</a> <a href="https://www.moevenpick-wein.com/zahlung">Zahlung </a><a title="Zahlung &amp; Lieferung" href="https://www.moevenpick-wein.com/versand">Lieferung</a>
<div class="payment-labels"><span>Rechnung</span> <span>Vorauskasse</span> <br><br> <span>Bezahlung im Weinkeller</span></div>
<div class="payment-logos">
    <div class="payment-logo-wrapper">
        <div class="footer-payment-logo">
            <img src="./index_files/paypal.svg">
            <span class="sr-only">PayPal</span>
        </div>
    </div>
    <div class="payment-logo-wrapper">
        <div class="footer-payment-logo">
            <img src="./index_files/mastercard.svg">
            <span class="sr-only">MasterCard</span>
        </div>
    </div>
    <div class="payment-logo-wrapper">
        <div class="footer-payment-logo">
            <img src="./index_files/visa.svg">
            <span class="sr-only">Visa</span>
        </div>
    </div>
<div class="payment-logo-wrapper">
        <div class="footer-payment-logo">
            <img src="./index_files/postfinance.svg">
            <span class="sr-only">Postfinance</span>
        </div>
    </div>
    <div class="payment-logo-wrapper">
        <div class="footer-payment-logo">
            <img src="./index_files/american-express.svg">
            <span class="sr-only">American Express</span>
        </div>
    </div>
<div class="payment-logo-wrapper">
        <div class="footer-payment-logo">
            <img src="./index_files/dinersclub.svg">
            <span class="sr-only">Diners Club</span>
        </div>
    </div>
<div class="payment-logo-wrapper">
        <div class="footer-payment-logo">
            <img src="./index_files/twint.svg">
            <span class="sr-only">Twint</span>
        </div>
    </div>
</div>
</div>
</div>
<div class="col-sm-3">
<svg class="hidden-xs"> <use xlink:href="#icon-eye"></use></svg>
<button class="visible-xs" type="button" data-toggle="ds-accordion"> Weitere Services </button>
<div class="ds-accordion-content"><a title="Newsletter" href="https://www.moevenpick-wein.com/optivo/newsletter/index">Newsletter</a> <a title="Ihr Kundenlager - Schatzkammer" href="https://www.moevenpick-wein.com/kundenlager">Kundenlager (Schatzkammer)</a> <a title="Mövenpick Vorteile" href="https://www.moevenpick-wein.com/ueber-uns/vorteile">Mövenpick Vorteile</a> <a title="Standorte" href="https://www.moevenpick-wein.com/standorte">Standorte</a> <a title="Events" href="https://www.moevenpick-wein.com/objects/event/listing">Events</a> <a title="Winzer" href="https://www.moevenpick-wein.com/winzer-moevenpick">Winzer</a> <a title="UBS Key Club" href="https://www.moevenpick-wein.com/ubs_keyclub">UBS Key Club</a> <a title="Bonus Card" href="https://www.moevenpick-wein.com/visa-bonus-card">Bonus Card</a></div>
</div>
<div class="col-sm-3">
<svg class="hidden-xs"><use xlink:href="#icon-info"></use> </svg>
<button class="visible-xs" type="button" data-toggle="ds-accordion"> Über Mövenpick </button>
<div class="ds-accordion-content"><a title="Mövenpick Wein" href="https://www.moevenpick-wein.com/profile">Mövenpick Wein</a> <a title="Leitbild" href="https://www.moevenpick-wein.com/de/leitbild" target="_self">Leitbild</a> <a title="Geschichte" href="https://www.moevenpick-wein.com/de/geschichte" target="_self">Geschichte</a><a title="Offene Stellen" href="http://jobs.moevenpick-wein.com/Jobs?culture=de" target="_blank">Offene Stellen</a> <a title="Management" href="https://www.moevenpick-wein.com/management">Management</a> <a title="Pressekontakt" href="https://www.moevenpick-wein.com/presse">Pressekontakt</a> <a title="Grosskundenbetreuung" href="https://www.moevenpick-wein.com/grosskundenbetreuung">Grosskundenbetreuung</a> <a title="Login Grosskundenbetreuung" href="https://www.moevenpick-wein.com/b2b/de/customer/account/login/" target="_blank">Login Grosskunden</a></div>
</div>
</div></div>
<div class="social-btns">
    <p>Folgen Sie uns</p>
    <a href="https://www.facebook.com/MoevenpickWein" class="fb" target="_blank">
                    <svg><use xmlns:xlink="http://www.w3.org/1999/xlink" xlink:href="#icon-facebook"></use></svg>
                </a><a href="https://twitter.com/MoevenpickWein" class="tw" target="_blank">
                    <svg><use xmlns:xlink="http://www.w3.org/1999/xlink" xlink:href="#icon-twitter"></use></svg>
                </a><a href="https://www.instagram.com/moevenpickwein/" class="instagram" target="_blank">
                <svg><use xmlns:xlink="http://www.w3.org/1999/xlink" xlink:href="#icon-instagram"></use></svg>
            </a><a href="https://www.pinterest.com/moevenpickwein/" class="pinterest" target="_blank">
                <svg><use xmlns:xlink="http://www.w3.org/1999/xlink" xlink:href="#icon-pinterest"></use></svg>
            </a></div></div>
<div class="copyright">
    <div class="container">
        <div>
            <div class="copyright-links"><a title="Impressum" href="https://www.moevenpick-wein.com/impressum">Impressum</a> <a title="Datenschutz &amp; Disclaimer" href="https://www.moevenpick-wein.com/disclaimer">Datenschutz &amp; Disclaimer</a> <a title="AGB" href="https://www.moevenpick-wein.com/agb">AGB</a></div>            <address>© 2020 Mövenpick</address>
        </div>
    </div>
</div>

<script>
    require(['jquery', 'domReady!'], function($){
        var element = $("#activate_live_support").first();
        if (element.length === 1) {
            element.css('display', 'block');
            element[0].classList.add('chrome-enabled');
        }
    });
</script>
</div></footer><button type="button" class="to-top">
    <svg>
        <use xlink:href="#icon-arrow" transform="rotate(-90 10 10)"></use>
    </svg>
</button><div class="unblu-floater"><span class="glyphicon glyphicon-comment" aria-hidden="true"></span></div>
</div></div>

<script type="text/javascript" id="">function setCookie(a,b,c){a=a+"\x3d"+b+"; path\x3d/; domain\x3d."+location.hostname.replace(/^www\./i,"");"undefined"!==typeof c&&(b=new Date,b.setTime(b.getTime()+864E5*c),a+="; expires\x3d"+b.toUTCString());document.cookie=a}function getCookie(a){for(var b=document.cookie.split(";"),c,d=0;d<b.length;d++){var e=b[d].trim();0===e.indexOf(a+"\x3d")&&(c=e.substring((a+"\x3d").length,e.length))}return c}
(function(){var a=getCookie("pageviewCount");"undefined"===typeof a?a=1:a++;setCookie("pageviewCount",a)})();</script><script type="text/javascript" id="">function createCookie(c,d,a){if(a){var b=new Date;b.setTime(b.getTime()+864E5*a);a="; expires\x3d"+b.toGMTString()}else a="";document.cookie=c+"\x3d"+d+a+"; path\x3d/"}createCookie("Session ID",google_tag_manager["GTM-NZMMQJS"].macro(17));</script><script type="text/javascript" id="">function createCookie(b,d,a){if(a){var c=new Date;c.setTime(c.getTime()+864E5*a);a="; expires\x3d"+c.toGMTString()}else a="";document.cookie=b+"\x3d"+d+a+"; path\x3d/"}
function getVar(b){get_string=document.location.search;return_value="";do name_index=get_string.indexOf(b+"\x3d"),-1!=name_index&&(get_string=get_string.substr(name_index+b.length+1,get_string.length-name_index),end_of_value=get_string.indexOf("\x26"),value=-1!=end_of_value?get_string.substr(0,end_of_value):get_string,return_value=""==return_value||""==value?return_value+value:return_value+(", "+value));while(-1!=name_index);for(space=return_value.indexOf("+");-1!=space;)return_value=return_value.substr(0,
space)+" "+return_value.substr(space+1,return_value.length),space=return_value.indexOf("+");return return_value}var tduid=getVar("tduid");""!=tduid&&createCookie("TRADEDOUBLER",tduid,"365");</script>
<script type="text/javascript" id="">"undefined"!=typeof window.jQuery&&(jQuery(".cms-home .item .product-box \x3e .add-to-box .btn-cart").click(function(){var a=jQuery(this).closest(".item").index()-5;dataLayer.push({event:"sliderClick",slotIndex:a,action:"add to cart"})}),jQuery(".cms-home .item .product-box \x3e .wr-product .link-to-details \x3e a").click(function(){var a=jQuery(this).closest(".item").index()-5;dataLayer.push({event:"sliderClick",slotIndex:a,action:"detail click"})}),jQuery(".cms-home .item .product-box .p-image").click(function(){var a=
jQuery(this).closest(".item").index()-5;dataLayer.push({event:"sliderClick",slotIndex:a,action:"picture detail click"})}),jQuery(".cms-home .item .product-box \x3e .add-to-box a[class*\x3dwishlist]").click(function(){var a=jQuery(this).closest(".item").index()-5;dataLayer.push({event:"sliderClick",slotIndex:a,action:"add to wishlist"})}),jQuery(".cms-home .wine-of-the-year .add-to-box .btn-wishlist").click(function(){jQuery(this).closest(".item").index();dataLayer.push({event:"wineOfTheYearClick",
action:"add to wishlist"})}),jQuery(".cms-home .wine-of-the-year .add-to-box .btn-cart").click(function(){jQuery(this).closest(".item").index();dataLayer.push({event:"wineOfTheYearClick",action:"add to cart"})}),jQuery(".cms-home .wine-of-the-year .description-box a").click(function(){jQuery(this).closest(".item").index();dataLayer.push({event:"wineOfTheYearClick",action:"detail click"})}));</script><script type="text/javascript" id="">(function(b,c,e,f,d){b[d]=b[d]||[];var g=function(){var a={ti:"12000006"};a.q=b[d];b[d]=new UET(a);b[d].push("pageLoad")};var a=c.createElement(e);a.src=f;a.async=1;a.onload=a.onreadystatechange=function(){var b=this.readyState;b&&"loaded"!==b&&"complete"!==b||(g(),a.onload=a.onreadystatechange=null)};c=c.getElementsByTagName(e)[0];c.parentNode.insertBefore(a,c)})(window,document,"script","//bat.bing.com/bat.js","uetq");</script><script type="text/javascript" id="" src="./index_files/EXK41"></script><div style="width:0px; height:0px; display:none; visibility:hidden;" id="batBeacon0.03809473973774713"><img style="width:0px; height:0px; display:none; visibility:hidden;" id="batBeacon0.010093292307995494" width="0" height="0" alt="" src="./index_files/0"></div><div class="klevu-fluid"><div class="klevu-searching-area-l2" id="loaderContainer" style="display:none;"><div class="klevuLoader" id="klevuLoader" style="display: none; text-align: center;"><img src="./index_files/klevu-loader.GIF" alt="Loading..."></div></div><div class="klevu-arrow" id="klevuArrow" style="display: none !important;"></div><div class="klevu-searching-area-l2" id="klevuSearchingArea" style="display: none !important;" tabindex="-1"><div class="klevuNoResults klevuNoResults-new" id="klevuSearchNoResults" style="display:none;"></div><div class="klevuSuggestionsBlock" id="klevuSuggestionsBlock"><div class="klevuAutoSuggestion-l2" id="klevuAutoCompleteArea" style="display:none;"></div><div class="klevuAutoSuggestion-l2" id="klevuCmsContentArea" style="display:none;"></div><div class="klevuSuggestionHeading" style="display:none;"><span class="klevuHeadingText">Pages</span></div><div class="klevuAutoSuggestion-l2" id="klevuCategoryArea" style="display:none;"></div></div><div class="klevuResultsBlock" id="klevuResultsBlock"><div class="klevuSuggestionHeading" id="klevuProductHeading" style="display:none;"></div><div class="klevuSearchResults-l2" id="productsList" style="display:none;"></div></div></div><div onkeydown="klevu_commons.setupNextTabForLastChild();" tabindex="0"></div></div><div class="klevu-fluid"><div class="klevu-pt-rs-hover" id="klevu-pt-rs-hover" tabindex="-1" style="display: none;"><div class="klevu-pt-hover-box" id="klevu-pt-hover-box" style="display: block;"><strong>Beliebte Suchbegriffe</strong> <div class="klevu-pt-rs-keywords"><a href="https://www.moevenpick-wein.com/de/catalogsearch/result/?q=689" target="_self">689</a><a href="https://www.moevenpick-wein.com/de/catalogsearch/result/?q=alion" target="_self">alion</a><a href="https://www.moevenpick-wein.com/de/catalogsearch/result/?q=prisoner" target="_self">prisoner</a><a href="https://www.moevenpick-wein.com/de/catalogsearch/result/?q=goru" target="_self">goru</a><a href="https://www.moevenpick-wein.com/de/catalogsearch/result/?q=pintia" target="_self">pintia</a></div><div class="klevu-clear-both"></div></div></div><div onkeydown="klevu_commons.setupNextTabForLastChild();" tabindex="0"></div></div><iframe marginwidth="0" marginheight="0" scrolling="no" frameborder="0" height="1" width="1" src="./index_files/lila.html" style="display: none;"></iframe><script>
var lea_param_name = 'lea_source';
var lea_cookie_name = lea_param_name + '=';
var lea_cookie_name_pv = lea_param_name + '_pv=';
var lea_ca = document.cookie.split(';');
var lea_res = '';
var lea_type = 0;
try {
for(var i=0; i<lea_ca.length; i++) {
    var c = lea_ca[i];
    while (c.charAt(0)==' ') c = c.substring(1);
    if (c.indexOf(lea_cookie_name) == 0){
		lea_res = c.substring(lea_cookie_name.length,c.length);
	}
}
if(lea_res.trim() == ''){
	for(var i=0; i<lea_ca.length; i++) {
   		var c = lea_ca[i];
    		while (c.charAt(0)==' ') c = c.substring(1);
    		if (c.indexOf(lea_cookie_name_pv) == 0){
				lea_res = c.substring(lea_cookie_name_pv.length,c.length);
		}
	}
}
if(lea_res.trim() == '' && localStorage){
	var expiresIn = localStorage.getItem(lea_param_name+'_expires');
	if (expiresIn===undefined || expiresIn===null) {
		expiresIn = 0;
	}
	if (expiresIn < Date.now()) {// Expired
		localStorage.removeItem(lea_param_name);
		localStorage.removeItem(lea_param_name + '_expires');
	} else {
		lea_res = localStorage.getItem(lea_param_name);
		lea_type = 1;
	}
	if(lea_res.trim() == '')
		var expiresInPv = localStorage.getItem(lea_param_name+'_pv_expires');
		if (expiresInPv===undefined || expiresInPv===null) {
			expiresInPv = 0;
		}
		if (expiresInPv < Date.now()) {// Expired
			localStorage.removeItem(lea_param_name + '_pv');
			localStorage.removeItem(lea_param_name + '_pv_expires');
		} else {
			lea_res = localStorage.getItem(lea_param_name + '_pv');
			lea_type = 1;
	}
}
} catch(e) {}

var setSameSiteAttr = 1;
var browsers = ['Opera', 'Edge', 'Chrome', 'UCBrowser', 'Safari', 'Firefox', 'MSIE', 'Trident'];
var userbrowser, useragent = navigator.userAgent;
var setcookie = 1;
//browser detection for SameSite Attribute (because of safari version < 13 and Chrome version <= 66 bug)
for (var i = 0; i < browsers.length; i++) {
    if( useragent.indexOf(browsers[i]) > -1 ) {
        userbrowser = browsers[i];
        break;
    }
}
if(userbrowser == 'Safari' || userbrowser == 'UCBrowser') {
	setSameSiteAttr = 0;
} else if(userbrowser == 'Chrome') {
	var raw = navigator.userAgent.match(/Chrom(e|ium)\/([0-9]+)\./);
	var version = raw ? parseInt(raw[2], 10) : false;
	if(version != false && version <= 66) {
		setSameSiteAttr = 0;
	}
}

lea_param_name = lea_param_name.replace(/[\[]/, '\[').replace(/[\]]/, '\]');
var lea_regex = new RegExp('[\?&]' + lea_param_name + '=([^&#]*)');
if(lea_regex.exec(location.search) != null) {
	var lea_results = lea_regex.exec(location.search);
} else {
	var lea_results = lea_regex.exec(location.hash);
}
var lea_sid = lea_results === null ? '' : decodeURIComponent(lea_results[1].replace(/\+/g, ' '));

if(lea_sid.trim() != ''){
	split = lea_sid.split('X');
	te_sid = split[1];
	te_wfid = te_sid.substr(0,6);
	te_prid = te_sid.substr(7,4);
	te_klickzeit = split[0];

	if(te_klickzeit.trim() != '' && te_sid.indexOf('$') == 18){
		var secure_tracking = 1;
	}

	//there must be a click id to set the cookie
	if(te_klickzeit.trim() != '' && te_klickzeit.length >= 14){
		var yyyy = te_klickzeit.substr(0,4);
		var mm = te_klickzeit.substr(4,2);
		var dd = te_klickzeit.substr(6,2);
		var hh = te_klickzeit.substr(8,2);
		var ss = te_klickzeit.substr(10,2);
		var msms = te_klickzeit.substr(12,2);
		var cookie_set_date = new Date(yyyy+'-'+mm+'-'+dd+'.'+hh+':'+ss+':'+msms).getTime();

		//if there already exists lea_source cookie, check if date from cookie which will be set new is higher --> bookmark protection
		var res_klickzeit = '';
		if(lea_res.trim() != ''){
			var split = lea_res.split('X');
			te_res = split[1];
			res_klickzeit = split[0];
		}

		var existing_cookie_date = '';
		if (res_klickzeit.trim() != '' && res_klickzeit.length >= 14) {
			var yyyy = res_klickzeit.substr(0,4);
			var mm = res_klickzeit.substr(4,2);
			var dd = res_klickzeit.substr(6,2);
			var hh = res_klickzeit.substr(8,2);
			var ss = res_klickzeit.substr(10,2);
			var msms = res_klickzeit.substr(12,2);

			var existing_cookie_date = new Date(yyyy+'-'+mm+'-'+dd+'.'+hh+':'+ss+':'+msms).getTime();
		}


		// determine UNIX click/view timestamp --> protect cookie from future dates
		var actual_date  = new Date().getTime();
		if (existing_cookie_date != '' && existing_cookie_date > cookie_set_date || cookie_set_date > actual_date) {
			setcookie = 0;
		}

		if (setcookie == 1) {
			var lea_d = new Date();
			if(te_sid[6] == 'C' || te_sid[6] == 'V' && 72 == 0){
				var runtime = (720*60*60*1000);

				//special case EMP cookie runtime one day for certain adspaces
				if(te_prid == 1541 && (te_wfid == 118749 || te_wfid == 116338) ) {
					var runtime = (24*60*60*1000);
				}
			}
			else{
				var runtime = (72*60*60*1000);

				//special case EMP cookie runtime one day for certain adspaces
				if(te_prid == 1541 && (te_wfid == 118749 || te_wfid == 116338) ) {
					var runtime = (24*60*60*1000);
				}
			}

			//timestamp of the cookie's expiry date
			var cookie_expires_date = cookie_set_date + runtime;
			//expiry date instance
			var cookie_expires_date_instance = new Date(cookie_expires_date);

			if(te_sid[6] == 'C'){ // ||  te_sid[6] == 'V' && 72 != -1 && (lea_res.trim() == '' || te_res[6] != 'C' )){
				//Safari version < 13 bug uses samesite none as samesite strict
				if(setSameSiteAttr == 1){
					document.cookie = lea_param_name + '=' + lea_sid + '; expires=' + cookie_expires_date_instance + ';path=/' + '' + ';SameSite=None ; Secure';

		    	} else {
		    		document.cookie = lea_param_name + '=' + lea_sid + '; expires=' + cookie_expires_date_instance + ';path=/' + '';
		    	}
		    	if(localStorage) {
					localStorage.setItem(lea_param_name, lea_sid);
					localStorage.setItem(lea_param_name + '_expires',cookie_expires_date);
				}
		  	}
		  	else if( te_sid[6] == 'V' && 72 != -1){
		  		//Safari version < 13 bug uses samesite none as samesite strict
		  		if(setSameSiteAttr == 1){
		  			document.cookie = lea_param_name + '_pv=' + lea_sid + '; expires=' + cookie_expires_date_instance + ';path=/' + '' +'; SameSite=None ; Secure';

		  		} else {
		  			document.cookie = lea_param_name + '_pv=' + lea_sid + '; expires=' + cookie_expires_date_instance + ';path=/' + '';
		  		}

		  		if(localStorage) {
					localStorage.setItem(lea_param_name + '_pv', lea_sid);
					localStorage.setItem(lea_param_name + '_pv_expires', cookie_expires_date);
				}
		  	}
	  	}
  	}
}
</script></body></html>
